3317 5117
1297 494 1763 561 .—55--

374 677 676 745 lineavit
702 676 994 762 Roulez‚
1013 679 1058 758 ¹)
1103 679 1266 765 ipsa
1293 678 1628 747 Minerva
1673 700 1763 747 ex
1807 678 2063 747 hirnea
2105 680 2527 749 libationem
2569 701 2736 768 pro-

375 788 514 857 fert
556 789 634 855 111
679 789 980 870 aram32)
1036 809 1257 876 quam
1303 790 1749 859 exadversus
1796 794 1937 857 stat
1977 790 2354 874 HerculeS,
2402 792 2737 859 omnibus

379 901 602 967 armis
655 899 980 983 indutus,
1037 903 1118 966 ut
1170 901 1701 987 expeditionem
1748 901 2073 988 aliquam
2116 903 2479 989 suscipiat.
2568 901 2736 971 Huc

382 1014 706 1096 spectare
752 1010 954 1077 aliud
998 1010 1399 1095 vasculum,
1447 1011 1644 1099 quod
1688 1015 1924 1079 exstat
1966 1011 2164 1099 apud
2195 1010 2735 1095 Gerhardum,3)

379 1119 726 1207 Stephani
794 1124 1134 1203 censet,⁴)
1210 1120 1288 1189 id
1351 1122 1548 1208 quod
1607 1142 1756 1189 non
1814 1124 2009 1189 recte
2081 1122 2522 1209 explicatum
2583 1142 2739 1191 esse

379 1234 631 1318 postea
672 1232 1016 1317 probabo,
1106 1230 1363 1318 Neque
1416 1233 1608 1299 enim
1653 1230 2066 1299 Minervam
2109 1233 2363 1319 ipsam,
2411 1233 2540 1300 sed
2584 1234 2738 1301 eius

387 1345 701 1409 statuam
761 1340 899 1409 hoc
963 1341 1124 1409 loco
1205 1342 1602 1428 significari
1673 1363 1804 1430 pro
1881 1346 2074 1411 certo
2150 1343 2384 1411 habeo
2460 1348 2530 1411 et
2591 1344 2740 1410 iam

377 1453 607 1521 verba
655 1452 923 1519 faciam
979 1451 1068 1519 de
1112 1455 1353 1537 gestu,
1418 1472 1560 1538 quo
1609 1455 1805 1519 tenet
1854 1456 2182 1539 pateram
2227 1452 2346 1520 dei
2389 1453 2508 1522 vel
2562 1454 2740 1521 deae

379 1563 870 1631 simulacrum.

548 1700 709 1785 Age
754 1720 928 1767 vero
976 1700 1426 1786 disputemus
1473 1700 1562 1768 de
1593 1700 1683 1767 iis
1716 1700 2053 1783 vasculiS‚
2101 1720 2287 1787 quae
2318 1700 2493 1767 deos
2526 1700 2737 1784 30103,

379 1812 423 1878 1.
457 1832 513 1879 e.
547 1810 965 1879 hominibus
1003 1831 1151 1878 non
1196 1810 1483 1892 additis,
1528 1810 1839 1878 libantes
1882 1812 2248 1899 praebent.
2324 1811 2523 1879 Inter
2552 1831 2739 1897 quae

382 1923 700 2009 primum
761 1924 1112 2008 apparent
1173 1941 1287 2004 ea,
1358 1922 1434 1987 in
1497 1922 1761 2007 quibus
1826 1921 2089 2008 Apollo
2155 1920 2615 1988 citharoedus
2672 1924 2742 1988 et

380 2032 623 2100 Diana
671 2032 1165 2114 inveniuntur,
1231 2031 1328 2099 ad
1372 2052 1554 2118 quos
1609 2051 2127 2119 saepenumero
2173 2030 2456 2098 Latona
2508 2034 2741 2100 mater

383 2143 676 2211 accedit.
696 2142 744 2226 ⁵)
817 2141 1020 2209 Haec
1052 2141 1353 2209 vascula
1381 2141 1701 2229 plurima
1727 2146 2012 2229 reperta
2049 2144 2374 2209 maxima
2415 2163 2506 2210 ex
2534 2144 2739 2229 parte

384 2252 576 2320 idem
623 2254 1034 2339 significare
1089 2252 1270 2319 mihi
1322 2254 1671 2339 persuasi.
1760 2252 2239 2340 Stephanium
2298 2255 2490 2321 recte
2550 2252 2739 2320 iudi-

389 2383 588 2431 casse
634 2383 912 2446 cense0,
956 2362 1072 2431 his
1115 2365 1192 2430 in
1236 2366 1723 2432 monumentis
1766 2364 2187 2432 libationem
2218 2368 2369 2432 arte
2401 2365 2742 2432 coniunc-

385 2478 534 2542 tam
579 2494 737 2542 esse
783 2495 949 2542 cum
995 2474 1506 2542 citharizando.
1597 2475 1794 2542 Nam
1837 2476 1985 2542 fere
2040 2495 2321 2563 semper
2364 2477 2439 2542 in
2486 2496 2569 2543 eo
2615 2479 2740 2559 est,

385 2588 466 2651 ut
506 2584 803 2672 Apoll0,
860 2585 986 2671 qui
1031 2585 1326 2651 sinistra
1366 2605 1591 2651 manu
1636 2584 1995 2653 citharam
2038 2589 2259 2669 tenet,
2316 2584 2742 2654 citharizare

383 2697 697 2784 incipiat.
789 2695 1039 2763 Multis
1092 2697 1169 2762 in
1214 2695 1531 2763 vasculis
1577 2716 1711 2762 ara
1750 2698 1828 2763 in
1872 2696 2112 2763 medio
2154 2698 2391 2784 posita
2434 2699 2567 2779 est,
2623 2716 2742 2762 su—

391 2828 523 2894 pra
567 2827 789 2895 quam
832 2806 954 2874 ille
1001 2807 1257 2873 dextra
1307 2807 1615 2893 porrigit
1665 2810 2011 2893 pateram.
2028 2808 2078 2887 6)
2166 2807 2255 2874 In
2300 2806 2529 2874 altera
2573 2825 2742 2873 arae

387 2920 590 3005 parte
620 2917 862 2987 Diana
904 2917 1286 2999 invenitur,
1334 2936 1521 3003 quae
1566 2936 1745 2983 arcu
1786 2916 2272 3003 pharetraque
2313 2917 2675 2984 attributis
2692 2920 2741 2995 ⁷)

394 3027 730 3096 hirneam
758 3028 963 3111 tollit,
1011 3047 1157 3115 qua
1185 3028 1608 3108 ministratss)
1655 3028 1881 3094 fratri.
1952 3027 2053 3094 At
2094 3047 2242 3094 non
2274 3027 2535 3094 desunt
2576 3047 2742 3093 vas-

389 3140 574 3223 cula,
619 3141 698 3206 in
743 3140 1007 3225 quibus
1053 3139 1223 3204 vino
1268 3138 1417 3204 iam
1461 3138 1700 3205 infuso
1748 3137 2141 3205 demissam
2180 3141 2370 3205 tenet
2414 3137 2552 3206 dea
2594 3136 2743 3204 hir-

391 3250 703 3332 neam39)
751 3250 880 3317 sed
908 3249 991 3315 fit
1022 3268 1327 3336 quoque,
1372 3252 1454 3315 ut
1495 3250 1657 3335 ipsa
1701 3270 1739 3316 e
1770 3252 2022 3335 patera
2064 3248 2484 3316 libationem
2517 3248 2743 3315 effun-

391 3360 531 3429 dat.
550 3362 625 3442 10)
706 3358 786 3429 Si
815 3358 1100 3426 Latona
1137 3359 1434 3442 accedit,
1482 3378 1695 3446 saepe
1737 3362 1902 3448 post
1929 3358 2346 3445 Apollinem
2389 3363 2743 3441 versatur,
2798 3450 2801 3453 ἱ

393 3545 528 3552 ρ*-

565 3652 603 3715 ¹)
641 3649 805 3706 Choix
840 3650 905 3704 de
940 3666 1090 3703 vases
1126 3650 1304 3719 peints
1340 3650 1416 3703 tb.
1455 3648 1574 3701 Vn.
1612 3667 1694 3703 no.
1738 3650 1822 3702 la.

559 3756 604 3815 ²)
639 3752 719 3807 Ex
754 3752 938 3807 hirnea
973 3769 1177 3822 quoque
1211 3752 1515 3806 libationem
1562 3752 1678 3806 fieri
1711 3754 1814 3806 iam
1854 3769 2015 3823 supra
2048 3751 2293 3805 vidimus.
2364 3752 2442 3809 Cf.
2479 3750 2745 3807 Gerhard:

395 3838 658 3893 Auserlea
695 3837 926 3893 Vasenb.
966 3838 1078 3891 155.
1132 3838 1273 3891 Elite
1309 3836 1408 3891 cer.
1445 3838 1486 3890 I.
1524 3838 1606 3892 87.

560 3943 604 4007 ³)
637 3941 981 3995 Auserlesene
1021 3938 1364 3995 Vasenbilder
1397 3941 1476 3994 tb.
1499 3941 1618 3994 242.

562 4044 606 4108 ⁴)
641 4043 858 4113 Compte
894 4074 959 4081 —
995 4042 1167 4097 rendu
1204 4042 1351 4097 1873.
1389 4058 1438 4111 p.
1479 4043 1592 4096 120.

564 4147 604 4213 ⁵)
641 4146 721 4199 De
755 4145 854 4199 hoc
889 4145 1220 4199 vasculorum
1256 4161 1443 4213 genere
1483 4144 1687 4215 copiose
1722 4144 1974 4198 tractavit
1998 4142 2254 4214 Stephani
2278 4145 2312 4197 1.
2340 4161 2384 4197 c.
2406 4161 2456 4212 p.
2485 4144 2740 4197 206—15.

563 4248 604 4315 ⁰)
642 4246 719 4303 Cf.
756 4246 896 4301 Elite
933 4245 1217 4314 ceramogr.
1253 4246 1322 4299 ΙΙ.
1361 4247 1440 4300 tb.
1474 4246 1556 4301 32.
1595 4246 1663 4300 36
1675 4263 1721 4299 a.

563 4352 604 4417 ⁷)
639 4350 768 4404 ibid.
808 4350 887 4405 10.
923 4349 1006 4404 36.
1199 4392 1206 4399 .

565 4454 605 4518 ⁸)
642 4452 712 4506 ib.
750 4453 832 4507 32.
869 4453 953 4507 36.
1032 4494 1037 4500 .
1095 4456 1135 4518 ιι’)
1171 4453 1242 4506 ib.
1279 4452 1362 4505 24.
1508 4454 1569 4520 ¹⁰)
1605 4450 1680 4506 ib.
1722 4453 1801 4507 13.
1843 4453 1922 4506 14.
