3317 5117
1597 448 2025 511 ...84-

639 632 846 709 λοπος
905 625 1098 717 τάφῳ
1160 634 1312 709 ταῖς
1369 625 1641 713 μάστιξι
1706 624 2071 714 ξαινόμενοι
2116 621 2340 715 ὥσπερ
2384 626 2531 695 τινὰ
2586 626 2876 717 σπονδὴν
2924 628 3002 697 τὸ

639 734 854 807 αὑτῶν
884 731 1053 824 αἷμα
1083 735 1290 827 τούτῳ
1322 744 1648 825 παρεῖχον.
1697 780 1752 787 -
1794 741 2010 809 Hanc
2038 742 2655 827 consuetudinem,
2688 744 2750 810 si
2779 743 2999 810 modo

635 875 717 923 re
761 873 936 921 vera
983 854 1270 937 exstitit,
1316 854 1512 922 idem
1561 853 1878 921 valuisse
1927 872 2013 919 ac
2056 846 2483 935 αἱμακουρίαι
2531 856 2776 940 patere
2804 857 2999 941 puto.

636 962 798 1032 Hoc
825 965 985 1031 loco
1025 964 1296 1032 addam
1327 964 1490 1031 aliis
1521 962 1872 1050 exemplis
1909 962 2280 1047 neglecti8‚
2328 983 2515 1050 quae
2558 963 2787 1031 verba
2827 963 3005 1031 facit

639 1074 934 1159 Stengel
951 1074 1025 1156 ¹):
1087 1074 1314 1141 Dwrch
1374 1076 1474 1140 ein
1521 1075 1718 1155 Loch,
1781 1076 1899 1141 das
1953 1096 2036 1139 zu
2096 1076 2327 1139 diesem
2378 1074 2632 1140 chckc
2686 1076 3003 1159 yeyraben

637 1186 868 1267 mdc,
913 1186 1060 1251 oder
1101 1185 1236 1251 sich
1277 1185 1438 1251 wohl
1481 1185 1644 1250 auch
1687 1186 1975 1250 dauernd
2015 1188 2105 1250 im
2156 1182 2523 1269 Grabhic'yel
2568 1186 2811 1267 besam,
2857 1186 3003 1251 liess

638 1318 815 1376 man,
859 1298 974 1361 wie
1019 1297 1118 1360 bei
1161 1296 1281 1361 den
1323 1296 1444 1376 auf
1479 1298 1653 1361 einer
1697 1287 1940 1377 ἐσχάρα
1986 1295 2484 1379 daryebrachten
2526 1295 3003 1377 Herocnopfern

640 1411 762 1472 das
809 1405 969 1471 Bzut
1019 1408 1122 1471 ins
1163 1405 1479 1471 Erdreich
1521 1411 1795 1471 Str-omen
1808 1454 1823 1483 ‚
1874 1406 2244 1471 verbrannte
2298 1406 2473 1470 darm
2527 1408 2649 1471 den
2694 1405 2847 1470 Leib
2894 1407 3003 1471 des

647 1514 904 1581 imeres
945 1517 1082 1581 und
1121 1515 1383 1600 veryrub
1415 1518 1515 1582 die
1559 1516 1778 1582 Asche.
1830 1552 1908 1563 -—
2111 1514 2444 1601 Denique
2481 1535 2721 1601 pauca
2758 1515 3002 1582 dicere

638 1626 855 1696 liceat
905 1626 996 1694 de
1043 1626 1329 1694 duobus
1392 1626 1660 1705 verbis,
1725 1645 1913 1712 quae
1969 1624 2247 1712 aliquid
2301 1626 2611 1693 afferunt
2662 1625 2757 1692 ad
2810 1619 3002 1694 hanc

641 1737 1138 1825 quaestionem
1169 1736 1625 1804 solvendam:
1657 1730 1975 1818 ἐναγίζειν
2006 1739 2076 1802 et
2104 1732 2497 1818 ἑντέμνεινᾷὶ)
2558 1733 2755 1815 Quas
2785 1756 3002 1804 voces

642 1838 990 1930 ἐναγισμός
1018 1849 1089 1914 et
1118 1841 1445 1929 ἐναγίζειν,
1479 1848 1560 1912 ut
1585 1840 1823 1927 ἔντομα
1856 1848 1927 1913 et
1955 1842 2280 1926 ἕντέμνειν
2310 1866 2457 1913 11011
2485 1847 2563 1913 111
2591 1865 2732 1912 usu
2759 1845 3003 1929 fuisse,

639 1959 784 2026 nisi
837 1958 912 2025 in
962 1957 1270 2025 heroum
1313 1960 1909 2044 mortuorumque
1965 1956 2163 2024 cultu
2218 1960 2527 2037 constat3
2580 1976 2797 2043 porro
2841 1952 3003 2018 -ὲνα-

641 2064 840 2152 γίζειν
900 2069 1257 2154 pertinere
1322 2067 1419 2133 ad
1480 2067 1829 2135 animalia
1888 2070 2081 2135 recte
2144 2066 2513 2134 contendit
2563 2065 3003 2149 Deneken,3)

641 2180 769 2266 qui
809 2178 991 2246 haec
1037 2178 1237 2245 dicit:
1299 2178 1760 2262 Ursprilnylieh
1805 2179 2012 2259 dt'c'o‘fte
2054 2180 2129 2243 in
2172 2180 2283 2243 der
2326 2178 2491 2242 That
2533 2172 2845 2260 ἐναγίζειν
2888 2178 3007 2242 das

639 2289 1080 2356 fflnablassen
1130 2309 1252 2354 von
1293 2288 1459 2353 Blut
1511 2289 1646 2353 und
1693 2288 2150 2371 Opferstfficken
2203 2291 2271 2353 in
2324 2290 2443 2353 das
2494 2285 2673 2353 Grab
2734 2290 2883 2353 oder
2931 2290 3007 2353 in

642 2402 742 2465 die
801 2399 1186 2482 Opferyrube
1249 2399 1603 2464 bezeichnet
1655 2399 1873 2465 haben.
1966 2396 2128 2479 Qua
2189 2418 2359 2466 cum
2417 2398 3006 2485 interpretatione

643 2510 1042 2590 consenti03
1098 2509 1228 2575 sed
1279 2508 1458 2576 mihi
1511 2529 1660 2577 non
1713 2510 2091 2596 probatur,
2155 2511 2395 2596 partes
2449 2508 2876 2577 animalium
2926 2509 3005 2575 in

639 2620 875 2688 fossas
920 2619 1237 2687 deiectas
1283 2639 1459 2687 esse.
1549 2618 1748 2687 Nam
1793 2619 1988 2707 quod
2046 2621 2122 2686 in
2169 2618 2678 2689 Samothraces
2720 2618 3007 2687 insulae

642 2734 714 2799 et
751 2730 1166 2798 Thebarum
1226 2729 1440 2797 fossis
1488 2729 1924 2798 Cabirorum
1978 2730 2215 2797 cultus
2270 2748 2437 2796 ossa
2489 2733 2659 2796 sunt
2698 2732 3005 2815 reperta,

641 2840 828 2910 nihil
869 2840 1114 2909 valere
1161 2860 1438 2923 censeo,
1487 2860 1656 2908 cum
1700 2839 1881 2908 haec
1928 2838 2362 2908 Cabirorum
2405 2838 2659 2925 religio
2702 2840 2780 2907 in
2824 2840 3011 2907 Asia

645 2956 806 3019 orta
867 2956 1082 3039 atque
1142 2953 1220 3019 in
1283 2949 1672 3019 Graeciam
1731 2951 2087 3018 translata
2156 2950 2493 3018 omnibus
2556 2948 3010 3017 Graecorum

646 3063 960 3132 cultibus
1021 3063 1434 3150 exemplum
1495 3061 1961 3129 statuendum
2026 3081 2170 3128 non
2241 3063 2361 3143 sit3
2433 3061 2737 3141 accedit,
2808 3062 3009 3149 quod

643 3174 890 3242 nullus
945 3175 1255 3261 scriptor
1316 3173 1408 3241 de
1451 3172 1590 3240 hac
1636 3193 1717 3239 re
1764 3172 2166 3259 quidquam
2219 3172 2463 3249 refert
2529 3172 2658 3239 sed
2704 3172 2795 3240 de
2840 3192 3007 3239 san-

645 3286 883 3371 guine.
929 3322 1014 3330 —
1057 3284 1240 3351 Tum
1283 3284 1689 3351 Pausanias
1735 3303 1819 3350 eo
1862 3282 2053 3364 loco,
2118 3303 2259 3370 quo
2314 3283 2490 3351 dicit
2534 3284 2625 3350 de
2666 3282 3009 3351 Herculis

648 3395 923 3520 duplici
965 3387 1570 3477 831311ᾓο104)τά
1613 3390 1732 3474 μὲν
1775 3387 2121 3457 ἐσθίουσιν
2175 3381 2317 3457 ἀπὸ
2360 3394 2476 3457 τοῦ
2532 3388 2761 3478 ιερείου
2804 3387 2889 3455 τὰ
2932 3390 3008 3457 δὲ

647 3528 737 3581 ως
778 3494 942 3590 ἥρωι
993 3505 1121 3567 τῶν
1164 3506 1362 3589 κρεῶν
1410 3499 1839 3587 ἐναγίζουσιν,
1889 3504 2075 3573 nihil
2116 3504 2320 3572 aliud
2360 3505 2663 3588 indicat,
2711 3524 2797 3572 ao
2840 3525 3010 3592 par-

645 3619 796 3683 tem
841 3636 1228 3703 corporum
1271 3616 1433 3683 cibo
1477 3616 1728 3698 fuisse,
1774 3617 2055 3701 partem
2100 3614 2332 3697 (heroi
2376 3614 2655 3697 datam)
2708 3617 3009 3684 combu-

650 3730 839 3795 stam
883 3746 1058 3794 esse.
1132 3724 1329 3793 Nam
1372 3747 1630 3794 vocem
1675 3720 1985 3807 ἐναγίζειν
2027 3730 2279 3813 postea
2318 3726 2677 3794 actionem
2720 3747 3010 3814 quoque

652 3836 1127 3905 comburendi
1157 3836 1605 3921 significasse
1635 3839 1890 3904 notum
1934 3840 2058 3903 est.
2078 3837 2125 3917 5)
2199 3835 2309 3903 De
2341 3836 2568 3904 altero
2612 3837 2737 3905 illo
2784 3838 3009 3904 verbo

841 4007 878 4071 ¹)
915 4004 1252 4060 Griechische
1290 4005 1791 4059 Sakralaltertiimer
1827 4024 1877 4075 p.
1918 4006 2017 4060 100
2052 4024 2164 4075 sqq.

825 4108 868 4173 ²)
903 4106 980 4163 Cf.
1018 4107 1255 4176 Stengel:
1295 4109 1498 4177 quaest.
1535 4108 1755 4161 sacrific.
1792 4126 1843 4177 p.
1884 4108 1951 4161 14
1985 4124 2097 4177 sqq.

822 4209 866 4276 ³)
903 4210 1044 4279 apud
1079 4208 1315 4263 Roscher
1348 4226 1400 4278 p.
1438 4209 1590 4263 2505.

829 4311 869 4377 ⁴)
906 4310 999 4365 XI.
1039 4311 1118 4365 10.
1159 4312 1204 4365 1.

828 4414 870 4473 ⁸)
907 4411 984 4467 Cf.
1019 4412 1270 4467 Deneken
1305 4412 1340 4465 l.
1379 4429 1421 4465 c.
1458 4430 1509 4482 p.
1547 4412 1699 4466 2506.
