3317 5117
1289 394 1715 459 -73-

313 581 434 661 ‚der
481 578 666 656 Sirm,
711 578 971 644 welcher-
1013 580 1124 643 der
1166 580 1596 662 Ausstattuny
1641 580 1753 644 der
1802 576 2057 643 Grdber
2094 600 2176 643 zu
2212 577 2473 643 Grande
2518 579 2683 662 lieqt,

323 691 536 757 klarer
577 712 663 755 zu
715 693 888 773 Taye
933 694 1150 755 treton.
1241 688 1378 757 Cui
1421 689 1997 775 interpretationi
2040 688 2255 775 plane
2301 689 2682 770 assentior3

323 802 498 887 quin
561 801 780 867 etiam
825 819 1408 886 supervacaneae
1472 799 1614 867 hoc
1659 800 1820 867 loco
1882 800 2221 867 videntur
2280 799 2681 883 libationeS,

323 910 522 997 quod
567 915 638 979 et
681 905 1112 992 αἱμακουρίαι
1161 912 1310 977 iam
1357 909 1727 978 adhibitae
1773 914 1940 977 sunt
1994 913 2063 977 et
2106 910 2259 977 vini
2302 910 2683 978 libationes

320 1022 728 1109 insequenti
753 1024 964 1089 nocte
995 1021 1482 1089 effunduntur.
1519 1058 1600 1067 —
1633 1019 2095 1108 Quamquam
2140 1020 2686 1089 concedendum

322 1136 446 1215 est,
491 1132 652 1200 fieri
694 1152 935 1219 posse,
991 1135 1070 1199 ut
1113 1132 1542 1199 animalium
1589 1152 1897 1219 corpora
1950 1132 2205 1199 eodem
2250 1151 2495 1214 senSU,
2542 1151 2684 1218 quo

318 1242 464 1310 mel
510 1243 892 1330 oleumque
937 1246 1223 1310 mortuo
1267 1242 1522 1309 addita
1551 1243 1724 1325 sint,
1768 1246 2013 1309 tamen
2057 1242 2285 1309 multo
2330 1242 2683 1309 verisimi-

319 1354 462 1421 lius
509 1357 710 1440 put0,
774 1373 860 1421 ea
922 1354 1272 1435 comburi,
1337 1352 1536 1439 quod
1597 1354 1889 1439 impura
1947 1351 2141 1420 facta
2203 1355 2372 1419 sunt
2431 1352 2685 1439 pingui

320 1469 608 1532 mortuo
655 1464 1000 1533 adhibito.
1059 1501 1120 1509 —
1175 1463 1424 1550 Equos
1471 1467 1541 1531 et
1586 1483 1803 1531 canes
1859 1483 2007 1530 non
2050 1464 2384 1531 victimas
2428 1464 2684 1530 immo-

319 1575 506 1642 latas
553 1595 739 1658 esse,
784 1595 931 1641 non
976 1578 1084 1641 est
1137 1574 1352 1661 quod·
1377 1575 1709 1661 probem,
1765 1574 1842 1641 id
1887 1574 2084 1660 quod
2126 1574 2277 1640 iam
2318 1573 2490 1641 hinc
2536 1573 2685 1640 elu-

321 1690 451 1769 cet,
500 1686 698 1772 quod
729 1684 989 1753 Graeci
1020 1684 1136 1753 his
1179 1685 1618 1752 animalibus
1649 1705 1791 1752 non
1834 1685 2278 1753 fruebantur.
2354 1684 2685 1771 Denique

320 1797 424 1880 id,
491 1796 689 1883 quod
752 1796 1024 1882 profert
1075 1794 1332 1863 Rohde
1398 1795 1487 1862 de
1547 1794 2024 1863 Troianorum
2086 1795 2683 1879 adolescentibUS‚

319 1909 620 1975 minime
663 1906 876 1975 illum
921 1928 983 1973 v.
1035 1907 1100 1973 d.
1150 1906 1482 1974 docuisse
1529 1906 1879 1973 existimo.
1957 1905 2151 1972 Nam
2180 1925 2347 1973 mea
2390 1904 2685 1991 quidem

321 2019 679 2085 sententia
724 2020 1040 2104 apparet,
1089 2037 1209 2085 eos
1241 2018 1316 2085 in
1363 2036 1540 2101 rogo
1588 2017 1682 2084 ab
1715 2016 2000 2083 Achille
2046 2017 2462 2083 combustos
2508 2035 2682 2099 esse,

321 2132 403 2195 ut
446 2129 844 2196 ulciscatur
875 2129 1094 2195 amici
1135 2132 1460 2197 mortem.
1537 2127 1981 2194 Adscribam
2023 2128 2269 2210 verba,
2317 2147 2502 2214 quae
2546 2126 2686 2194 hoc

319 2239 618 2307 firmant
637 2238 711 2321 ¹):

493 2359 718 2429 πάντα
764 2360 884 2449 γὰρ
929 2356 1050 2450 ἤδη
1095 2388 1197 2429 τοι
1242 2364 1454 2445 τελέω,
1498 2360 1582 2427 τὰ
1627 2358 1964 2448 πάροιθεν
2008 2354 2299 2452 ὑπέστην

487 2467 767 2561 Ἕκτορα
813 2466 982 2559 δεῦρ’
1031 2469 1264 2560 ἐρύσας
1307 2469 1542 2539 δώσειν
1584 2472 1769 2539 κυσὶν
1811 2463 1961 2556 ὠμὰ
2007 2468 2357 2539 δάσασθαι

494 2582 744 2651 δώδεκα
790 2585 862 2651 δὲ
905 2580 1338 2669 προπάροιθε
1379 2587 1590 2673 πυρῆς
1634 2575 2261 2672 ἀποδειροτομήσειν

504 2692 743 2783 Τρώων
787 2687 1002 2783 ἀγλαοὶ
1045 2695 1260 2775 τέκνα,
1309 2694 1541 2762 σέθεν
1582 2694 1997 2778 κταμένοιο
2039 2691 2441 2777 χολωθείς.

493 2843 689 2911 Nam
753 2844 889 2912 hoc
950 2844 1110 2911 loco
1174 2847 1326 2911 arte
1389 2844 1855 2929 coniungitur
1905 2842 2177 2911 Hector
2240 2842 2681 2909 deformatus

326 2976 494 3022 cum
535 2954 866 3023 Troianis
918 2955 1433 3023 interficiendis
1489 2958 1704 3041 atque
1760 2954 1964 3021 addit
2005 2952 2331 3021 Achilles
2387 2956 2465 3019 ut
2517 2972 2685 3019 cau-

326 3084 484 3132 sam
528 3065 848 3152 proferat
888 3065 1107 3132 huius
1153 3065 1626 3132 crudelitatis:
1675 3060 1872 3128 σέθεν
1909 3060 2305 3144 καταμένοιο
2347 3056 2685 3141 χολωθείς.

323 3176 604 3243 Eodem
648 3175 865 3242 modo
907 3176 1361 3263 componitur
1404 3178 1711 3262 utraque
1744 3175 2000 3242 eadem
2042 3194 2161 3241 res
2205 3194 2310 3241 VS.
2364 3177 2485 3241 180
2530 3193 2681 3260 sqq.

327 3291 395 3353 et
436 3287 675 3374 pergit
725 3290 937 3373 poeta
999 3307 1100 3355 vs,
1163 3289 1310 3354 183:
1387 3274 1475 3361 ὡς
1521 3274 1680 3367 φάτ’
1749 3276 2134 3367 ἀπειλήσας.
2228 3283 2391 3364 Qua
2440 3304 2519 3351 re
2564 3304 2685 3351 ex—

326 3398 562 3484 posita
613 3417 759 3463 non
811 3397 1077 3479 habeO,
1142 3418 1272 3463 cur
1326 3416 1577 3463 vocem
1641 3396 1915 3463 occisos
1968 3395 2315 3463 Troianos
2374 3394 2687 3479 „sacrifi-

327 3506 586 3575 cat08.“
609 3508 660 3590 ²)

497 3636 658 3702 Iam
700 3655 897 3702 nunc
942 3634 1302 3721 disputem
1348 3633 1436 3700 de
1469 3633 1699 3701 altera
1741 3634 1871 3701 illa
1915 3632 2374 3715 caerimonia,
2423 3630 2512 3698 de
2544 3651 2689 3718 qua

325 3750 540 3834 poeta
588 3746 667 3814 in
719 3744 1047 3831 Odyssea
1099 3744 1334 3811 refert.
1350 3746 1398 3824 3)
1499 3742 1751 3810 Ulixes
1820 3746 2207 3831 postquam
2271 3742 2368 3809 ad
2419 3741 2686 3808 inferos

329 3877 404 3925 se
452 3857 774 3940 contulit,
819 3860 900 3923 ut
941 3856 1290 3923 Tiresiam
1336 3854 1686 3937 consulat,
1736 3856 2054 3942 primum
2097 3856 2172 3921 in
2216 3854 2489 3921 fossam
2532 3852 2686 3937 gla-

329 3968 449 4035 dio
496 3967 793 4050 factam,
855 3966 1160 4034 mortuis
1204 3965 1522 4032 infundit
1572 3959 1987 4049 μελίκρατον,
2054 3965 2334 4047 vinum,
2398 3982 2685 4049 aquam,

578 4188 661 4328 1le.
687 4187 1318 4341 ²2gileti}e12=0l3¹rriechische
1356 4268 1727 4326 Sakralaltert.
1765 4289 1814 4341 p.
1850 4272 1934 4325 97.

581 4362 628 4412 λ.
668 4375 743 4411 vs·
782 4359 848 4411 25
887 4375 999 4427 sqq.
1059 4356 1135 4411 Cf.
1172 4377 1223 4411 κ.
1261 4374 1335 4411 vs,
1373 4357 1471 4411 517
1516 4374 1627 4427 sqq.

499 4190 521 4221 1

502 4274 524 4306 2

499 4360 520 4390 3

523 4192 545 4424 VVV
