3317 5117
1277 393 1698 457 ...35-

308 572 632 658 ἐντέμνειν
672 577 1067 646 scholiasta
1119 579 1195 645 in
1225 577 1699 665 Apollonium
1736 576 2105 645 Rhodium
2147 577 2332 645 haec
2358 576 2579 645 refert
2595 577 2669 660 ¹):

306 683 545 769 ἔντομα
602 684 674 751 δὲ
726 682 811 752 τὰ
857 682 1114 773 σφάγια
1168 684 1405 769 κυρίως
1455 681 1538 751 τοὶ
1594 698 1735 763 τοῖς
1786 689 2036 771 νεκροῖς
2086 680 2502 770 ἐναγιζόμενα
2555 681 2669 749 διὰ

306 792 381 862 τὸ
425 792 492 862 ἐν
531 798 615 885 τῇ
657 798 738 885 γῇ
784 787 996 863 αὐτῶν
1040 785 1542 880 ἀποτέμνεσθαι
1583 793 1706 875 τοὶς
1747 794 2058 883 κεφαλάς.
2108 834 2186 845 --

477 906 759 989 Quibus
813 910 1032 978 rebus
1084 909 1429 996 expositis
1483 910 1658 977 satis
1709 908 1993 976 elucere
2056 910 2389 977 existimo
2402 962 2419 992 ,
2482 909 2667 975 duas

305 1020 472 1087 illas
508 1039 741 1103 voces,
780 1040 966 1106 quae
995 1021 1070 1087 in
1103 1038 1240 1087 usu
1271 1022 1480 1087 erant
1511 1019 1606 1087 ad
1635 1018 1933 1087 inferias
1964 1016 2415 1087 Graecorum
2445 1019 2668 1102 signi-

305 1129 654 1213 ficandas,
700 1129 776 1198 id
820 1130 1136 1213 firmare,
1183 1129 1376 1217 quod
1410 1129 1554 1197 alio
1583 1129 1804 1197 modo
1835 1130 2336 1198 demonstrare
2366 1132 2670 1197 conatus

309 1260 500 1307 sum:
549 1239 897 1307 animalia
938 1239 1215 1308 inferiis
1260 1239 1591 1308 adhibita
1633 1259 1811 1323 esse,
1860 1260 2172 1329 quorum
2217 1241 2517 1326 sanguis
2560 1241 2670 1307 iu-

308 1350 500 1437 gulis
545 1351 792 1418 scissis
834 1351 1140 1419 mortuis
1203 1350 1580 1419 offerretur
1637 1371 1874 1438 neque
1934 1370 2261 1437 unquam
2306 1350 2469 1437 ipsa
2513 1369 2669 1417 cor-

307 1481 490 1548 pora
539 1481 673 1548 pro
718 1460 1081 1529 alimentis
1127 1459 1538 1529 sacrificata
1580 1480 1755 1528 esse.
1808 1497 1882 1506 —
1945 1458 2159 1541 Quod
2210 1460 2521 1547 pertinet
2572 1459 2670 1527 ad

309 1572 830 1639 caerimoniam
873 1570 1462 1657 Thesmophoriis
1521 1570 1820 1654 factam,
1885 1572 2012 1639 ubi
2073 1589 2238 1639 sues
2298 1572 2387 1663 in,
2434 1570 2670 1637 fossas

315 1674 680 1766 (χάσματα,
743 1678 1024 1765 μέγαρα,
1089 1671 1325 1763 ἄδυτα)
1371 1681 2009 1766 demergebantur,
2070 1680 2210 1749 hoc
2253 1701 2401 1748 non
2446 1682 2670 1748 sacri-

307 1792 558 1861 ficium
610 1792 1034 1860 habendum
1087 1810 1272 1875 esse,
1337 1791 1553 1879 quale
1595 1792 1852 1859 vinum
1896 1795 1967 1859 et
2012 1792 2312 1877 sanguis
2364 1792 2670 1859 mortuis

313 1903 740 1986 offeruntur,
793 1902 964 1970 hinc
1011 1902 1294 1970 elucere
1336 1904 1539 1990 put0‚
1595 1901 1790 1989 quod
1845 1921 2154 1989 corpora
2195 1904 2480 1969 mortuo
2524 1921 2672 1969 non

312 2014 474 2082 cibo
507 2013 873 2081 dabantur
917 2013 1046 2081 sed
1091 2012 1386 2099 putrida
1427 2012 1691 2080 effossa
1736 2012 1829 2079 ad
1875 2012 2409 2099 superstitiosas
2455 2030 2673 2099 quas-

311 2124 486 2192 dam
528 2144 646 2193 res
693 2123 1245 2191 adhibebantur.

488 2235 602 2303 Ad
631 2234 938 2302 heroum
969 2233 1245 2301 cultum
1275 2236 1553 2321 spectat
1582 2233 2165 2321 anaglyphorum
2194 2252 2445 2319 3011110,
2483 2254 2670 2321 quae

309 2344 629 2432 plurima
671 2348 963 2412 servata
1005 2349 1204 2425 sunt3
1252 2344 1342 2411 de
1372 2344 1638 2430 quibus
1683 2364 1853 2412 cum
1895 2346 2046 2411 iam
2088 2363 2304 2430 saepe
2348 2343 2671 2431 disputa-

310 2459 466 2523 tum
529 2455 715 2539 sit,2)
775 2455 916 2523 hoc
967 2454 1128 2523 loco
1182 2475 1328 2522 non
1379 2454 1646 2523 faciam
1694 2455 1836 2523 nisi
1885 2474 2125 2542 pauca
2169 2455 2411 2522 verba.
2500 2454 2667 2522 Duo

310 2585 580 2651 genera
623 2565 1107 2635 discernenda
1136 2569 1322 2648 sunt,
1367 2566 1706 2652 primum,
1751 2566 1880 2633 ubi
1921 2568 2250 2633 mortuus
2297 2565 2414 2633 vel
2456 2564 2669 2633 heros

309 2712 394 2723 ——
416 2697 591 2745 nam
609 2680 916 2763 utraque
948 2696 1092 2743 vox
1120 2675 1319 2744 idem
1336 2676 1531 2743 valet
1548 2677 1894 2745 -iacens
1911 2676 1990 2743 in
2018 2676 2223 2759 lect0‚
2256 2677 2422 2742 ante
2452 2696 2671 2762 quem

310 2807 568 2855 mensa
610 2788 976 2855 invenitur
1021 2787 1202 2855 cibis
1245 2790 1643 2869 exstructa,
1700 2787 1819 2854 vel
1869 2791 2199 2874 pateram
2241 2789 2436 2855 tenet
2446 2786 2495 2867 ³)
2552 2787 2673 2854 vel

311 2900 468 2985 ipse
513 2898 652 2966 sibi
695 2896 1013 2964 infundit
1055 2898 1326 2964 vinum.
1342 2897 1392 2977 ⁴)
1480 2894 1714 2977 Quem
1757 2897 2201 2964 exadversus
2244 2896 2670 2984 plerumque

312 3009 575 3077 mulier
619 3010 872 3091 exstat,
920 3026 1106 3094 quae
1151 3027 1337 3074 uxor
1365 3010 1475 3075 est
1503 3006 1845 3075 habenda
1875 3006 2209 3075 defimcti.
2284 3006 2489 3074 Haec
2519 3007 2670 3095 ple-

312 3138 620 3206 rumque
680 3119 755 3185 in
797 3116 1042 3185 herois
1105 3117 1290 3185 lecto
1354 3117 1555 3185 sedet
1618 3118 1843 3185 otiose
1906 3121 2334 3205 spectans;⁵›
2397 3117 2528 3185 sed
2588 3118 2672 3185 fit

313 3250 600 3317 quoque
620 3284 636 3313 ‚
710 3232 787 3295 ut
846 3229 1008 3316 ipsa
1067 3229 1427 3316 particeps
1488 3228 1902 3295 inveniatur
1964 3229 2444 3296 caerimoniae
2504 3231 2671 3297 tura

313 3340 739 3428 spargens.⁰)
825 3338 1007 3407 Fere
1051 3358 1428 3426 nunquam
1474 3338 1675 3406 deest
1716 3358 1922 3425 puer,
1978 3340 2103 3425 qui
2148 3341 2299 3406 vini
2343 3340 2671 3408 minister

489 3561 528 3628 ¹)
564 3560 633 3614 ad
667 3557 709 3611 1.
745 3576 820 3614 vs.
855 3560 976 3615 587.

487 3662 531 3727 ²)
567 3660 780 3733 Optime
831 3663 898 3717 (10
947 3662 1034 3717 his
1089 3662 1247 3716 rebus
1305 3660 1602 3731 disputavit
1653 3660 1717 3714 A.
1765 3660 2153 3729 Furtwangler:
2214 3660 2525 3728 Einleitung
2576 3678 2670 3715 zur

317 3745 630 3814 Sammlung
663 3745 942 3801 Sabouroff
987 3764 1038 3817 p.
1079 3746 1143 3801 16
1178 3762 1292 3816 sqq.
1363 3744 1441 3800 cf.
1480 3743 2055 3801 Friedrichs-Wolters:
2093 3744 2453 3816 Gipsabgtisse
2483 3763 2531 3817 p.
2559 3746 2663 3800 347

314 3848 428 3902 sqq.
464 3849 548 3887 no.
587 3831 720 3885 1052
755 3847 871 3902 sqq.
906 3830 1220 3886 Hellander:
1258 3831 1324 3884 de
1359 3829 1671 3901 anaglyphis
1707 3830 2094 3901 sepulcr-&libus
2130 3834 2229 3886 etc.

487 3942 530 4007 8)
566 3940 642 3997 cf.
679 3940 988 4011 Ephemeris
1027 3941 1162 3996 1840
1195 3958 1278 3995 no.
1314 3941 1415 3995 269
1453 3963 1518 3983 =
1553 3940 1749 3995 LeBas
1784 3941 1861 3995 tb.
1900 3941 1981 3995 52.
2036 3940 2256 4010 Ephem.
2286 3940 2417 3995 1839
2444 3957 2525 3994 110.
2550 3941 2667 3995 305.

315 4026 869 4081 Friedrichs-Wolters
904 4044 988 4080 no.
1028 4026 1315 4080 1052-55.
1355 4025 1504 4079 1066.

487 4137 528 4207 ⁴)
567 4136 643 4192 cf.
679 4136 951 4207 Ephemer.
993 4135 1126 4191 1842
1159 4153 1244 4192 no.
1279 4135 1380 4190 853
1418 4159 1482 4179 ==
1518 4136 1590 4190 Le
1625 4135 1732 4189 Bas
1770 4136 1846 4189 tb.
1884 4136 1949 4190 55
1987 4140 2086 4191 etc.

488 4251 529 4313 ⁸)
567 4247 646 4302 Cf.
680 4248 956 4319 Ephemer.
995 4247 1130 4302 1840
1162 4265 1244 4301 no.
1280 4248 1381 4302 269
1417 4249 1517 4301 etc.

488 4351 529 4417 ο)
565 4349 839 4421 Ephemor.
880 4350 1014 4405 1842
1047 4366 1130 4403 110.
1168 4350 1270 4404 853
1305 4373 1371 4392 ===
1409 4346 1485 4404 Le
1520 4350 1627 4403 Bas
1664 4350 1749 4404 55.
