3317 5117
1580 466 1961 528 *6-

590 652 879 719 moniae
900 654 1237 718 accurate
1270 650 1834 734 distinguuntur.
1895 618 1995 715 At
2012 669 2103 715 ne
2124 648 2515 716 obliviscar
2534 647 2959 734 Aeschyli,¹)

589 763 934 904 inspicias
982 760 1226 848 Suppl.
1274 780 1378 829 vs.
1429 763 1553 827 980
1599 780 1782 847 sqqs

995 874 1076 951 Ὦ
1119 890 1362 964 παῖδες
1401 876 1799 971 Ἀργείοισιν
1844 876 2155 967 εἴχεσθαι
2196 909 2395 970 χρεων

999 992 1188 1062 θύειν
1229 1021 1300 1062 τε
1342 994 1581 1081 λείβειν
1623 986 1696 1061 θ
1748 1021 1834 1075 ως
1880 999 2067 1073 θεοῖς
2105 987 2488 1079 Ὀλυμπίοις

1001 1103 1314 1194 σπονδάς,
1360 1106 1513 1173 ἐπεὶ
1559 1109 1840 1194 σωτῆρες
1884 1097 1957 1173 οὗ
2004 1101 2425 1192 διχορρόπως.

761 1238 900 1306 His
944 1240 1023 1305 in
1065 1240 1400 1306 versibus
1445 1238 1869 1306 libationem
1909 1257 2237 1325 pressam
2268 1258 2422 1305 esse
2470 1239 2743 1325 opinor,
2792 1257 2959 1305 cum

593 1353 980 1437 componat
1022 1354 1234 1437 poeta
1277 1344 1517 1430 λείβειν
1563 1345 1857 1423 σπονδάς
1902 1368 2069 1417 cum
2100 1340 2305 1415 θέειν.
2386 1348 2531 1417 Sed
2575 1348 2716 1416 hac
2758 1350 2836 1416 in
2880 1368 2962 1415 re

593 1462 891 1529 minime
937 1463 1145 1527 nitar.

767 1589 928 1656 Iam
973 1609 1144 1655 vero
1193 1589 1466 1656 addam
1512 1586 1893 1673 Sophoclis
1937 1586 2313 1655 Philoctet.
2362 1608 2465 1653 vs,
2518 1591 2555 1654 8
2603 1607 2783 1675 sqq.:

855 1704 952 1779 ὅτ’
1004 1706 1153 1779 οἷ’τε
1196 1715 1424 1801 λοιβῆς
1467 1703 1624 1798 ἡμῖν
1669 1704 1815 1777 οὔτε
1856 1712 2177 1796 θυμάτων
2728 1786 2731 1789 ,

850 1827 1073 1913 παρῆν
1117 1820 1374 1911 ἕκήλοις
1418 1827 1836 1909 προσθιγεῖν.
2305 1830 2389 1893 et.
2439 1847 2541 1892 VS.
2598 1830 2789 1893 1033:

1089 1938 1236 2013 πῶς
1278 1939 1468 2013 θεοῖς
1511 1924 1770 2014 εὕξεσθ’
1818 1930 1977 2017 ἐμοῦ

1091 2042 1510 2127 πλεύσαντος,
1559 2042 1787 2111 αἴθειν
1833 2040 1971 2129 ἱράς
2019 2048 2167 2123 πῶς
2211 2043 2515 2111 σπένδειν
2560 2042 2675 2113 ἔτι.

770 2181 841 2243 et
884 2176 1399 2264 Aristophanis
1445 2176 1638 2244 Nub.
1684 2196 1791 2243 VS.
1842 2180 1992 2243 758:

906 2298 1236 2385 δαιμόνων
1279 2292 1450 2389 ἡμῖν
1479 2300 1709 2385 μόναις
1755 2291 1827 2367 οὗ
1871 2292 2060 2367 θύετ’
2113 2290 2263 2366 οὐδὲ
2306 2301 2629 2367 σπένδετε.

769 2433 1100 2519 Denique
1161 2454 1252 2500 ne
1304 2433 1523 2500 latius
1572 2432 1944 2517 digrediar
1988 2431 2314 2498 Platonis
2359 2431 2605 2499 locum
2651 2452 2967 2500 comme-

602 2564 908 2611 morem:
954 2544 1141 2629 legg.
1188 2543 1280 2611 X.
1331 2548 1453 2610 906
1498 2543 1595 2609 D:
1642 2541 1835 2628 λοιβῇ
1878 2565 1948 2605 τε
1994 2536 2169 2606 οἴνου
2213 2536 2403 2627 κνίσῃ
2448 2564 2534 2608 τε.

779 2653 921 2723 Sed
952 2675 1146 2722 nunc
1181 2655 1276 2721 ad
1321 2638 1669 2739 graviora
1712 2657 2106 2736 transeam,
2154 2654 2417 2739 quibus
2461 2673 2627 2720 mea
2671 2653 2967 2741 quidem

604 2768 957 2834 sententia
988 2765 1599 2833 verisimillimum
1630 2764 1730 2846 fit,
1774 2764 2200 2832 libationem
2233 2764 2385 2831 deis
2418 2764 2740 2832 oblatam
2771 2767 2968 2831 ante-

609 2878 912 2945 cessisse
949 2876 1408 2943 victimarum
1440 2874 1817 2957 sacrifici0‚
1852 2875 1948 2942 ad
1982 2868 2120 2958 ἱερὰ
2154 2866 2397 2957 ἄπυρα.
2457 2875 2569 2943 De
2599 2876 2687 2943 iis
2720 2875 2967 2957 sacris),

607 3003 793 3069 quae
836 2987 1203 3055 faciebant
1244 2984 1515 3053 Rhodii
1554 2985 1929 3053 Minervae
1974 2984 2281 3053 Lindiae
2328 2989 2614 3072 praeter
2659 2985 2968 3053 scholia-

609 3103 798 3166 stam
840 3100 918 3166 in
961 3098 1266 3166 Pindari
1298 3096 1674 3184 Olympias
1688 3096 1736 3181 2)
1782 3097 2079 3164 uberius
2123 3097 2443 3183 loquitur
2487 3096 2976 3167 Philostratus

609 3212 839 3295 imag.
915 3210 991 3277 H
1063 3215 1121 3275 7.
1184 3230 1250 3296 p.
1318 3212 1474 3277 852:
1549 3205 1666 3271 καὶ
1738 3200 2026 3270 θύοι-σιν
2098 3197 2221 3292 ἤδη
2294 3208 2374 3293 τῇ
2439 3203 2705 3292 Ἀθηνᾷ
2777 3206 2979 3291 δῆμοι

615 3314 726 3384 δύο
773 3316 890 3383 ἐπὶ
936 3319 1114 3384 δυοῖν
1156 3307 1616 3402 ἇκροπολέοιν,
1678 3307 2037 3405 Ἀθηναῖοι
2086 3316 2203 3381 καὶ
2241 3308 2503 3396 Ῥόδιοι,
2552 3318 2630 3404 γῇ
2674 3315 2790 3380 καὶ
2835 3321 2974 3381 θα-

617 3426 848 3516 λα’σσῃ,
896 3420 1249 3513 ἅνθρωποι
1292 3431 1595 3515 γηγενεῖς,
1643 3423 1706 3492 οἳ
1752 3426 1868 3510 μὲν
1914 3419 2140 3509 ἄπυρα
2190 3423 2329 3512 ἱεροὶ
2374 3426 2490 3491 καὶ
2536 3418 2755 3514 ἀτελῆ,
2804 3417 2854 3493 oc
2904 3426 2983 3491 δὲ

608 3530 942 3627 Λθηνησι
987 3540 1188 3626 δῆμος
1219 3576 1296 3587 -
1330 3540 1463 3623 πῦρ
1509 3536 1642 3603 ἐκεῖ
1682 3562 1798 3602 και
1842 3542 2034 3604 κνῖσα
2084 3534 2301 3623 ιερῶν,
2349 3563 2383 3603 ο
2427 3533 2683 3615 καπνὸς
2726 3537 2797 3604 δὲ
2842 3562 2987 3603 οιον

615 3642 856 3736 ειιύδης
901 3648 1264 3736 γέγραπται
1294 3673 1411 3714 και
1453 3673 1616 3731 μετα
1661 3650 1781 3735 τῆς
1823 3645 2048 3734 κνίσης
2079 3638 2420 3735 ἆναρρέων.
2472 3641 2629 3715 ὅθεν
2658 3674 2745 3727 εις
2789 3674 2979 3734 παρα

617 3759 1026 3850 σοφωτέρους
1070 3752 1344 3847 ἀφίκετο
1389 3750 1428 3845 ἡ
1474 3755 1634 3835 θεὸς
1677 3784 1795 3824 και
1837 3754 2180 3837 θύσαντας
2226 3788 2314 3829 ευ.
2365 3800 2446 3809 -
2754 3762 2891 3829 His
2937 3782 2980 3829 e

617 3874 1042 3942 Philostrati
1083 3874 1328 3941 verbis
1399 3872 1583 3941 nihil
1636 3874 1839 3940 aliud
1885 3872 2226 3940 concludi
2267 3878 2517 3960 potest,
2571 3874 2713 3941 nisi
2759 3874 2988 3940 caeri-

617 3986 901 4054 monias
963 3984 1418 4052 Rhodiorum
1481 3985 1879 4070 antiquitus
1955 3984 2108 4051 sine
2182 3985 2349 4070 igne
2417 3984 2645 4051 factas
2721 3983 2989 4070 opponi

619 4096 847 4165 sacris
906 4094 1460 4163 Atheniensium
1481 4148 1496 4177 ‚
1578 4094 1703 4181 qui
1761 4094 2094 4161 victimas
2154 4095 2575 4162 comburere
2640 4094 2988 4162 solebant.

801 4345 844 4407 ¹)
881 4342 959 4398 Cf.
997 4343 1302 4407 Agamemn.
1341 4359 1473 4395 vers.
1514 4343 1578 4394 69
1636 4359 1749 4411 sqq.

797 4428 840 4496 2)
878 4428 959 4483 01.
1001 4427 1114 4481 vn.
1157 4447 1228 4481 vs.
1269 4428 1349 4482 86.
