3317 5117
411 542 716 609 effundit
761 542 856 609 ad
902 543 1216 626 gratiam
1259 542 1719 609 referendam
1758 563 1889 628 pro
1939 543 2243 609 victoria
2271 543 2777 611 Acamantidis

407 654 660 721 tribus
682 654 726 734 ¹)
817 655 1058 739 Atque
1115 673 1560 739 quamquam
1614 654 1961 740 pleraque
2015 654 2145 720 illa
2189 654 2524 735 vascula,
2590 675 2776 741 quae

411 764 555 831 huc
601 764 1032 846 referuntur,
1081 764 1612 831 adolescentem
1658 768 2039 831 exeuntem
2084 766 2431 850 praebere
2479 768 2775 845 constat,

409 879 655 941 tamen
699 875 876 941 talia
921 895 1206 961 quoque
1253 878 1556 957 exstare,
1605 895 1793 961 quae
1822 876 2191 942 illustrant
2235 878 2579 962 temporis
2626 896 2777 942 mo-

411 989 767 1067 mentum,
833 1006 974 1072 quo
1029 986 1220 1053 redit
1263 986 1687 1053 adolescens
1742 986 2305 1072 libationemque
2353 986 2559 1053 offert
2604 987 2777 1065 deiS,

412 1104 494 1163 ut
535 1098 810 1181 gratias
857 1101 1029 1182 agat
1073 1118 1202 1183 pro
1243 1098 1550 1165 victoria
1593 1097 1711 1165 vel
1754 1098 1946 1165 felici
1977 1098 2214 1165 reditu
2253 1098 2589 1183 equidem
2633 1118 2777 1165 non

411 1228 690 1293 negem.
769 1208 850 1274 E.
885 1228 952 1293 g.
997 1209 1080 1275 cf.
1131 1209 1326 1295 quod
1373 1209 1765 1276 delineavit
1790 1208 2171 1276 Tischbein
2198 1209 2280 1290 ²):
2326 1209 2775 1277 Adolescens

417 1324 740 1387 armatus
785 1320 861 1385 in
893 1340 1076 1405 equo
1125 1320 1383 1387 sedens
1416 1320 1703 1387 hastam
1748 1323 1958 1402 tenet,
2002 1320 2079 1386 in
2112 1340 2259 1405 qua
2287 1320 2500 1404 galea
2530 1320 2775 1386 adfixa

413 1434 546 1513 est,
611 1451 833 1516 quam
892 1432 1103 1497 illum
1162 1431 1559 1517 pugnando
1625 1431 2055 1517 praedatum
2118 1428 2272 1497 ess'e
2324 1434 2536 1517 patet.
2646 1430 2778 1497 Cui

415 1542 949 1627 appropinquat
1000 1542 1291 1624 mulier,
1355 1564 1540 1629 quae
1603 1546 1931 1629 pateram
1980 1542 2421 1609 adolescenti
2463 1542 2779 1627 praebet,

415 1655 495 1717 ut
537 1652 961 1719 libationem
1007 1654 1346 1721 effundat.
1371 1656 1422 1735 3)

589 1762 732 1830 Sed
794 1784 939 1829 non
1005 1764 1243 1829 solum
1303 1768 1382 1829 ut
1444 1764 1728 1831 felicem
1775 1767 2115 1831 eventum
2162 1766 2501 1849 peterent,
2548 1763 2781 1848 prius-

417 1893 640 1959 quam
685 1874 959 1941 bellum
1007 1875 1122 1942 vel
1165 1876 1302 1942 iter
1330 1875 1903 1960 ingrederentur,
1950 1874 2279 1941 libabant
2325 1871 2605 1954 Graeci,
2654 1871 2782 1939 sed

419 1984 638 2050 etiam
685 1988 764 2051 ut
796 1985 1013 2052 deum
1063 1989 1512 2053 arcesserent
1559 1986 1652 2053 ad
1700 1986 2056 2053 auxilium
2093 1985 2491 2051 ferendum.
2570 1983 2783 2051 Com-

417 2115 815 2162 memorem
859 2096 1163 2165 Homeri
1206 2098 1459 2165 Iliadis
1504 2097 1767 2179 locum,
1792 2099 1840 2178 ⁴)
1902 2098 2023 2164 ubi
2068 2096 2391 2163 Achilles
2440 2116 2484 2161 a
2530 2095 2781 2176 ventiS‚

417 2206 655 2272 Borea
691 2210 770 2273 ‘et
814 2208 1163 2294 Zepher,
1224 2210 1404 2295 petit
1447 2209 1782 2285 libandO,
1846 2211 1927 2274 ut
1989 2209 2235 2290 ignem
2288 2206 2576 2289 inflent,
2641 2226 2783 2291 quo

418 2316 832 2384 Patroclem
875 2322 1245 2385 mortuum
1291 2319 1686 2386 comburat.
2134 2380 2159 2409 Ι

589 2426 1050 2496 Libationem
1103 2451 1249 2496 non
1308 2430 1544 2497 solum
1590 2431 1688 2496 ad
1737 2429 2062 2495 futurum
2105 2432 2389 2515 tempus
2438 2431 2781 2513 spectare,

417 2537 547 2603 sed
592 2540 812 2605 etiam
857 2540 953 2606 ad
995 2542 1467 2627 praeteritum
1509 2543 1656 2607 iam
1704 2560 1927 2628 supra
1972 2540 2481 2607 demonstravi.
2567 2537 2785 2604 Nunc

421 2648 717 2733 quidem
761 2671 998 2738 pauca
1045 2652 1356 2719 dicenda
1387 2655 1553 2717 sunt
1598 2651 1688 2718 de
1736 2650 1957 2717 simili
1984 2649 2266 2717 libandi
2311 2668 2595 2733 genere,
2642 2669 2785 2734 quo

419 2764 791 2851 piaculum
825 2762 940 2829 vel
983 2763 1296 2830 lustrum
1327 2762 1703 2829 efficiatur.
1782 2760 2061 2841 Quibus
2095 2760 2184 2826 de
2214 2759 2559 2847 rebusad
2601 2759 2783 2827 liba-

421 2878 656 2943 tiones
723 2878 1054 2959 spectans
1120 2872 1413 2957 Stengel
1435 2871 1486 2954 ⁵)
1546 2872 1729 2939 haec
1791 2871 2087 2957 profert:
2180 2871 2305 2935 Bei
2372 2867 2787 2951 Sichnopfern

419 2990 505 3050 ist
535 2988 654 3051 das
693 2985 840 3051 Tier
868 2984 1304 3049 nnerlc'isslich.
1373 2983 1564 3048 Denn
1607 3004 1734 3047 nur
1778 2986 1879 3046 ein
1922 2982 2155 3047 solenes
2194 2983 2367 3046 kann
2412 2982 2511 3045 die
2547 2979 2786 3045 Schuld

422 3098 530 3161 des
581 3096 941 3177 Opfernden
995 3095 1122 3175 auf
1159 3094 1290 3158 sich
1335 3094 1596 3158 nehmen
1647 3095 1783 3157 und
1821 3092 2067 3157 sic'hnen
2120 3092 2253 3155 und
2302 3094 2395 3156 sie
2436 3092 2585 3156 sind
2626 3092 2787 3156 anch

421 3208 524 3272 die
569 3209 851 3289 eineiqen
901 3203 1131 3287 Opfer,
1197 3206 1292 3269 bei
1344 3206 1541 3269 denen
1593 3206 1695 3269 die
1744 3202 2035 3285 Spenden
2082 3224 2245 3285 ,qam
2297 3199 2539 3281 femen,
2589 3202 2788 3283 (nicht

413 3339 497 3381 zu
539 3316 946 3382 verwechseln
988 3318 1073 3380 ist
1117 3316 1314 3380 damit
1359 3316 1459 3380 die
1510 3314 1865 3379 Ceremonie
1912 3315 2009 3378 bei
2052 3315 2163 3378 der
2208 3312 2573 3395 Reiniyuny
2617 3314 2788 3377 eines

423 3427 1020 3509 Schnlfffflecktm,
1062 3427 1280 3505 wobei,
1335 3428 1450 3490 wie
1493 3430 1610 3489 wir
1649 3425 1909 3508 yesehen
1951 3424 2181 3504 haben,
2235 3415 2526 3507 νηφάλια
2574 3424 2644 3487 in
2688 3424 2787 3487 die

423 3538 722 3602 Flamme
754 3556 1046 3620 yeyossen
1075 3538 1374 3608 werden).
1446 3535 1787 3602 Dubitari
1828 3555 1974 3600 non
2015 3536 2265 3620 potest,
2312 3534 2486 3619 quin
2533 3536 2613 3598 ut
2658 3532 2786 3599 ali-

422 3668 570 3734 qua
629 3666 746 3715 res
810 3648 1138 3734 expietur
1162 3700 1176 3729 ‚
1250 3646 1769 3733 posterioribus
1844 3646 2289 3731 temporibus
2363 3644 2786 3731 plerumque

600 3910 638 3979 ¹)
675 3910 934 3965 Panofka:
971 3910 1151 3965 Muses
1189 3910 1382 3965 Blacas‘
1413 3911 1448 3962 Ι.

601 4016 645 4079 ²)
681 4013 851 4069 Vases
886 4014 1211 4069 d'Hamilton
1247 4014 1316 4068 Π.
1356 4016 1436 4068 57.

597 4118 640 4183 3)
677 4116 755 4173 Cf.
791 4118 1093 4187 Millingen:
1131 4118 1301 4172 Peint.
1339 4118 1403 4171 de
1440 4117 1541 4171 div.
1579 4118 1696 4171 coll.
1733 4118 1802 4187 pl.
1841 4118 1923 4170 47.
1962 4116 2043 4170 48.

601 4219 642 4288 ⁴)
689 4223 759 4275 Ψ.
799 4221 898 4274 196
933 4238 1046 4290 sqq.

599 4323 640 4389 ⁵)
677 4324 846 4377 Jahns
881 4320 1068 4377 Jahrb.
1108 4324 1141 4375 f.
1179 4320 1471 4390 Philologie
1511 4322 1640 4375 1887
1679 4339 1727 4391 p.
1766 4322 1881 4374 652.
