3317 5117
1323 443 1701 503 -9-

335 620 550 689 detur
613 623 835 708 (apud
897 621 1412 709 Porphyrium:
1479 624 1568 691 de
1633 625 1813 693 abst.
1861 625 1953 691 II.
2008 627 2111 707 19)
2180 622 2295 688 καὶ
2359 624 2699 711 Σοφοκλῆς

336 725 723 818 διαγράφων
765 734 878 819 τὴν
923 733 1213 819 θεοφιλῆ
1260 728 1509 797 θυσίαν
1552 731 1754 819 φησὶν
1797 732 1865 797 ἐν
1906 735 2001 819 τῷ
2045 730 2411 821 Πολυείδφε

740 848 818 947 ἦν
859 858 980 943 μὲν
1022 859 1146 947 γὰρ
1193 856 1332 939 οἷὸς
1373 856 1637 944 μαλλός,
1682 849 1762 949 ἦν
1803 852 1866 927 δ’
1918 872 1999 940 -Ι-
2048 852 2350 945 ἀμπέλου
2367 867 2411 937 ¹)

746 966 1001 1059 σπονδή
1045 996 1115 1037 τε
1157 970 1275 1037 καὶ
1318 968 1449 1058 ῥοέξ
1488 960 1557 1038 εὖ
1599 971 2193 1060 τεθησαυρισμένη·

741 1079 887 1169 ἐνῆν
930 1082 1001 1148 δὲ
1044 1076 1501 1169 παγκάρπειᾶ
1527 1080 1847 1171 συμμιγὴς
1890 1074 2077 1162 ὂλαῖς

742 1190 940 1271 λίπος
982 1183 1288 1272 δ’ὲλαιάς
1330 1194 1448 1260 καὶ
1489 1191 1564 1262 τὸ
1610 1190 2098 1262 ποικιλώτατον

745 1305 990 1394 ξουθῆς
1031 1302 1342 1392 μελίσσης
1382 1300 1845 1393 κηρόπλαστον
1890 1297 2175 1392 ὄργανον.

505 1431 646 1513 Qui
715 1455 969 1501 versus
1033 1438 1474 1522 quantopere
1543 1437 1688 1502 sint
1750 1436 1900 1522 apti
1963 1435 2060 1502 ad
2120 1436 2305 1503 illud
2375 1432 2694 1523 primum

334 1562 629 1611 sacrum
672 1544 1193 1612 illustrandum
1235 1566 1383 1612 non
1437 1549 1571 1629 est,
1636 1547 1833 1632 quod
1881 1567 2257 1634 exponam.
2350 1547 2496 1616 Sed
2538 1568 2700 1634 pre-

335 1655 684 1723 mendum
712 1675 869 1724 esse
899 1656 1161 1739 iudicO,
1210 1656 1863 1745 quomodocunque
1916 1657 2279 1725 laboranti
2329 1658 2490 1726 1000
2539 1678 2701 1726 suc-

332 1766 778 1835 currendum
830 1771 1071 1853 putaS,
1133 1768 1387 1834 vinum
1443 1767 1752 1834 effusum
1803 1767 1943 1835 hoc
1987 1768 2147 1836 loco
2194 1770 2445 1835 vocari
2489 1790 2698 1832 σπον-

332 1868 466 1961 δήν.
543 1877 878 1960 Accedit,
926 1878 1123 1964 quod
1170 1876 1622 1965 Porphyrius
1668 1876 1806 1945 hoc
1852 1878 2291 1945 sacrificium
2338 1878 2702 1964 significat

333 1985 644 2073 θεοφιλῆ.
731 1987 1120 2055 Praeterea
1162 1987 1308 2055 huc
1352 1987 1734 2055 referenda
1778 2007 1934 2056 esse
1980 1988 2236 2075 opinor
2265 1990 2443 2056 talia
2472 1990 2696 2057 sacri-

331 2096 521 2181 ficia,
568 2118 754 2184 quae
783 2097 952 2166 libis
984 2102 1054 2165 et
1081 2097 1551 2165 libationibus
1591 2098 1937 2166 adhibitis
1968 2100 2486 2184 posterioribus
2518 2103 2696 2167 tem-

330 2210 630 2294 poribus
682 2210 759 2275 in
812 2228 1028 2276 usum
1081 2212 1462 2285 venerunt3
1534 2210 1741 2276 cuius
1803 2210 1910 2276 rei
1954 2209 2368 2296 exemplum
2410 2210 2696 2296 profero

329 2316 778 2387 Philemonis
825 2320 1085 2387 comici
1125 2319 1618 2403 fragmentum
1663 2318 1928 2402 (Kock.
1974 2320 2065 2387 II.
2114 2341 2159 2405 p
2212 2325 2335 2387 495
2368 2342 2434 2387 n.
2472 2323 2608 2403 67):

725 2436 1022 2530 ’Ἀρτεμι,
1071 2447 1230 2533 φιλὴ
1276 2445 1618 2527 δέσποινα,
1664 2440 1892 2511 τοῦτόν
1937 2468 2043 2511 σοι
2090 2444 2268 2533 φέρω

740 2543 794 2620 ὦ
837 2545 1074 2636 πότνι’,
1124 2546 1530 2643 ἀμφιφῶντα
1573 2554 1692 2621 καὶ
1739 2558 2029 2643 σπονδὴν
2076 2547 2234 2639 ἅμα.

504 2686 783 2770 Restat,
846 2691 926 2753 ut
971 2707 1536 2754 commemorem
1596 2686 1804 2754 illum
1868 2687 2061 2754 diem
2121 2686 2413 2770 festum,
2478 2688 2605 2774 qui
2650 2708 2695 2754 a

327 2794 630 2865 Graecis
661 2789 918 2860 Διάσια
958 2801 1277 2865 vocatur.
1351 2796 1606 2883 Neque
1638 2798 1834 2864 enim
1866 2797 2184 2865 dubitari
2218 2802 2466 2884 potest,
2516 2799 2693 2884 quin

329 2909 406 2973 in
451 2908 591 2975 hoc
637 2909 1137 2995 antiquissimo
1168 2908 1218 2975 J
1220 2909 1376 2975 ovis
1408 2908 1609 2975 cultu
1648 2928 1737 2976 ea
1767 2928 1980 2975 sacra
2011 2909 2257 2976 oblata
2301 2910 2462 2991 sint,
2508 2929 2696 2995 quae

327 3020 566 3105 prima
619 3019 955 3106 equidem
1005 3020 1262 3085 statu0.
1352 3017 1764 3086 Mommsen
1806 3019 1884 3085 in
1927 3039 2011 3085 eo
2065 3019 2351 3101 libr0,2)
2416 3019 2541 3105 qui
2584 3020 2693 3085 in-

327 3130 674 3197 scribitur
718 3130 1187 3213 „Heortoloyiffl
1236 3148 1519 3195 summo
1551 3129 1707 3195 iure
1740 3128 1923 3195 duas
1956 3128 2171 3195 huius
2216 3128 2380 3196 festi
2422 3131 2694 3196 formas

333 3241 697 3320 discernit,
744 3241 1047 3307 alteram
1095 3240 1471 3325 antiquam
1518 3239 1823 3306 alteram
1866 3241 2385 3325 posterioribus
2420 3243 2695 3326 tempo-

329 3351 533 3419 ribus
578 3350 869 3419 Baccho
925 3354 1296 3438 assumpto
1353 3349 1567 3418 valde
1620 3353 1995 3417 mutatam.
2084 3350 2219 3417 Ille
2263 3372 2329 3416 v.
2379 3350 2445 3417 d.
2502 3354 2695 3419 recte

330 3462 593 3548 premit
636 3462 918 3529 dierum
962 3461 1311 3529 festorum
1353 3447 1796 3546 Ἀνθεστήρια
1841 3460 2078 3542 tertiO,
2127 3462 2252 3547 qui
2293 3453 2521 3543 χύτραι
2570 3482 2693 3529 vo-

327 3576 568 3656 catur,
633 3573 940 3657 vestigia
1001 3577 1292 3639 servata
1352 3591 1510 3639 esse
1572 3572 1852 3658 antiqui
1912 3570 2076 3638 festi
2130 3562 2405 3637 Διάσια.
2496 3571 2695 3639 Nam

321 3684 495 3763 illae
539 3683 837 3768 frugum
880 3684 1243 3769 primitiae
1290 3673 1803 3767 (παγιοῖρπεια),
1868 3702 2053 3769 quae
2109 3702 2324 3768 saepe
2379 3703 2694 3751 comme-

327 3796 726 3877 morantur,
773 3814 940 3860 eum
976 3792 1252 3861 cultum
1286 3794 1872 3880 antiquissimum
1918 3792 2242 3860 indicare
2274 3793 2691 3876 videntur.³)

326 3904 447 3971 Ad
493 3904 806 3971 eundem
848 3903 1140 3989 festum,
1196 3906 1322 3992 qui
1378 3905 1885 3972 celebrabatur
1929 3924 1974 3971 a
2019 3902 2317 3972 Graecis
2364 3904 2693 3971 nondum

497 4127 539 4189 ¹)
575 4125 694 4179 Etsi
738 4126 883 4180 locus
921 4129 1203 4196 corruptus
1256 4130 1425 4181 metro
1479 4128 1675 4187 obstat,
1730 4130 1908 4181 tamen
1961 4142 2139 4181 omnes
2185 4144 2230 4178 v.
2279 4125 2328 4179 d.
2374 4126 2458 4179 his
2512 4126 2687 4181 verbis

321 4210 553 4265 eundem
591 4228 804 4265 sensum
841 4212 1109 4265 subiciunt
1145 4212 1209 4265 cf.
1247 4210 1452 4266 Nauck.
1490 4212 1525 4267 1.
1563 4229 1605 4265 c.

502 4315 523 4345 ²
619 4356 632 4369 .
672 4314 734 4367 19
772 4331 798 4368 s
877 4351 886 4363 .

501 4314 544 4481 δί
580 4331 654 4472 gf.
693 4415 753 4469 E.
793 4331 1032 4470 ggrtius:
1071 4414 1537 4485 Stadtgeschichte
1577 4434 1670 4471 von
1710 4415 1888 4470 Athen
1924 4432 1972 4485 p.
2012 4414 2094 4468 28.
