3317 5117
1347 402 1775 465 ...45—

555 587 755 654 Voce
841 580 1178 669 διμοιρίαν
1239 585 1550 651 indicari
1628 583 2055 652 libationem
2114 587 2185 651 et
2259 584 2494 667 σεμνῆς
2554 584 2740 662 θεᾶς,

381 699 460 766 id
505 702 610 765 est
657 686 986 779 ςΥγιείας,
1051 699 1122 763 et
1182 688 1573 778 γλυκυτάτου
1633 690 1984 775 βασιλέως,
2046 696 2090 761 i.
2140 715 2197 761 e.
2250 681 2552 777 Ἀγαθοῦ
2596 690 2742 757 δαί-

380 830 596 891 μονος,
640 808 1032 875 verisimile
1075 810 1267 893 puto.
1317 842 1398 851 —
1445 804 1591 874 Sed
1632 805 1827 872 hunc
1875 826 2108 887 usum,
2157 807 2245 873 de
2290 826 2434 891 quo
2480 804 2745 872 Pollux

382 920 628 1003 refert,
700 939 849 986 non
923 918 1259 985 omnibus
1334 918 1778 1003 temporibus
1860 916 2217 998 floruisse,
2299 918 2449 983 iam
2521 936 2745 1002 supra

386 1031 725 1097 vidimus,

556 1139 952 1206 Transeam
997 1138 1092 1204 ad
1138 1158 1242 1220 ea,
1291 1158 1475 1223 quae
1521 1137 1911 1204 traduntur
1956 1137 2044 1204 de
2073 1137 2341 1222 triplici
2378 1137 2743 1219 libatione,

388 1252 593 1319 ouius
640 1250 955 1317 convivii
998 1250 1223 1335 partis
1261 1268 1777 1334 saepenumero
1808 1247 1891 1313 fit
1918 1248 2203 1314 mentio,
2268 1246 2743 1330 Bernhardi¹)

387 1366 582 1430 reete
628 1360 1014 1442 contendit,
1061 1380 1149 1426 ex
1195 1359 1447 1426 Iliadis
1477 1357 1636 1425 loco
1670 1358 1796 1439 (A.
1829 1360 1980 1439 469)
2011 1359 2310 1444 probari
2337 1380 2484 1424 non
2514 1378 2743 1444 posse,

387 1474 538 1539 iam
581 1471 886 1538 Homeri
943 1470 1392 1555 temporibus
1453 1468 1644 1536 hano
1713 1469 2306 1536 consuetudinem
2370 1470 2743 1536 exstitisse.

391 1582 630 1663 Quam
674 1584 923 1668 postea
965 1581 1112 1647 fere
1157 1600 1532 1666 nunquam
1578 1580 1924 1645 omissam
1970 1600 2124 1645 esse
2167 1600 2316 1646 non
2362 1583 2493 1662 est,
2549 1580 2749 1663 quod

394 1695 899 1761 demonstrem.
1009 1691 1418 1760 Scholiasta
1485 1691 1563 1756 in
1623 1689 1950 1756 Platonis
2011 1689 2401 1757 Philebum
2463 1711 2527 1776 p.
2600 1693 2745 1757 383.

388 1805 571 1871 haec
608 1803 807 1870 dicit:
851 1792 1227 1885 Ἐκιρνιῦντο
1271 1797 1370 1883 (ἐν
1413 1802 1553 1875 τοῖς
1597 1795 2021 1881 συμποσίοις)
2066 1802 2377 1887 κρατῆρες
2419 1803 2590 1885 τρεῖς
2631 1798 2747 1863 καὶ

388 1911 503 1977 τᾶν
553 1910 670 1995 μὲν
721 1913 984 1997 πρῶτον
1035 1906 1199 1987 Διὸς
1244 1899 1616 1985 Ὀλυμπίου
1672 1907 1787 1973 καὶ
1842 1914 2018 1973 θεῶν
2065 1898 2457 1992 Ὀλυμπίων
2516 1905 2744 1995 ἔλεγον,

388 2022 504 2089 τὸν
564 2022 635 2089 δὲ
697 2019 986 2109 δεύτερον
1048 2013 1296 2109 ἡρώων,
1358 2017 1469 2085 τὸν
1530 2019 1601 2085 δὲ
1665 2017 1882 2104 τρίτον
1944 2023 2231 2107 σωτῆρος
2284 2060 2365 2069 -
2410 2018 2625 2106 ἔλεγον
2676 2019 2747 2085 δὲ

392 2125 591 2200 αὐτὸν
632 2132 746 2199 καὶ
792 2132 1060 2211 τέλειον,
1125 2124 1213 2210 οἷς
1257 2127 1622 2218 Εἰριπίδης
1661 2121 2062 2218 Ἀνδρομέδᾳ
2106 2130 2222 2195 καὶ
2261 2122 2750 2219 Ἀριστοφάνης

405 2248 858 2333 Ταγηνισταῖς.
909 2283 987 2291 -
1033 2246 1351 2313 Eosdem
1400 2246 1571 2311 deos
1617 2244 1950 2327 Pollux2)
2011 2245 2311 2331 profert,
2375 2247 2516 2312 nisi
2554 2246 2749 2333 quod

396 2361 575 2428 dicit
635 2359 722 2425 de
783 2359 994 2425 tertia
1038 2356 1412 2424 libatione:
1479 2344 1512 2419 ὃ
1560 2352 1630 2418 δὲ
1674 2351 1891 2436 τρίτος
1935 2350 2096 2430 Διὸς
2150 2356 2438 2439 σωτῆρος
2485 2352 2746 2420 τελείου.

394 2470 502 2537 Cf.
551 2468 1016 2535 scholiastam
1063 2468 1159 2534 ad
1204 2466 1508 2534 Pindari
1553 2466 1799 2533 Isthm.
1849 2466 1936 2532 V.
1982 2486 2086 2533 vs.
2137 2472 2233 2551 12,
2280 2468 2406 2553 qui
2451 2488 2748 2535 accura-

391 2583 538 2647 tius
585 2580 672 2646 de
703 2579 969 2676 triplici
997 2579 1342 2645 libatione
1373 2581 1693 2644 tractans
1728 2577 2136 2664 Aeschyli=³)
2183 2598 2437 2645 versus
2468 2579 2747 2646 laudat:

803 2708 1034 2795 λοιβὰς
1078 2709 1238 2789 Διὸς
1280 2710 1396 2793 μὲν
1439 2713 1702 2797 πρῶτον
1745 2702 1990 2797 ὡραίου
2035 2705 2244 2797 γάμου

791 2815 1005 2907 (Ἠρας
1047 2848 1116 2887 τε
1161 2874 2200 2889 .................

804 2931 920 3022 τὴν
964 2932 1265 3019 δευτέραν
1307 2932 1379 2998 δὲ
1421 2936 1655 3018 κρᾶσιν
1701 2925 1941 3019 Γἥρωσιν
1985 2932 2157 3016 νέμω

804 3154 1020 3241 τρίτον
1064 3152 1223 3233 Διὸς
1267 3158 1552 3241 σωτῆρος
1596 3145 1903 3220 εἰκταιάν
1945 3152 2123 3237 λίβα.

571 3294 716 3363 Sed
758 3295 951 3361 huno
998 3298 1321 3360 tenorem
1375 3314 1658 3380 semper
1711 3293 2022 3359 eundem
2064 3292 2287 3360 fuisse
2332 3294 2751 3379 negandum

395 3412 524 3475 est.
616 3404 1074 3492 Quamquam
1138 3405 1603 3471 inveniuntur
1666 3404 1791 3470 alii
1849 3404 2018 3484 loci,
2084 3404 2207 3490 qui
2252 3398 2414 3480 Διὸς
2466 3405 2753 3491 σωτῆρος

394 3519 820 3586 libationem
851 3517 1138 3585 tertiam
1167 3516 1556 3601 proferunt,
1604 3519 1683 3581 ut
1715 3502 2091 3602 Sophoolis
2130 3516 2214 3583 fr.
2251 3520 2373 3585 392
2406 3517 2705 3601 (Nauck
2728 3521 2753 3561 2

393 3652 462 3717 p.
514 3630 697 3711 224):

808 3744 936 3801 Ζεῦ
978 3732 1365 3800 παυσίλυπε
1407 3734 1522 3800 καὶ
1567 3731 1729 3813 Διὸς
1774 3734 2093 3823 σωτηρίου

809 3849 1061 3934 σπονδὴ
1107 3844 1324 3931 τρίτου
1371 3859 1697 3933 κρατῆρος.
1747 3899 1759 3911 .
1814 3900 1825 3909 .
1877 3899 1890 3911 .
2205 3849 2416 3932 31114),

578 4066 616 4127 ¹)
652 4064 685 4117 l.
721 4080 766 4117 c.
803 4082 852 4132 p.
891 4066 937 4115 5.

578 4167 622 4231 2)
657 4164 749 4220 Vl.
790 4167 869 4219 15.

577 4266 618 4335 ³)
655 4265 875 4338 Epigon.
915 4269 976 4322 fr.
1014 4269 1095 4321 54.
1135 4266 1238 4335 (ap.
1276 4264 1499 4319 Nauek.²
1535 4284 1586 4335 p.
1629 4267 1729 4329 19).

580 4370 623 4437 ⁴)
659 4369 736 4425 Cf.
771 4371 984 4425 Pollux:
1023 4368 1116 4421 Vl.
1158 4369 1270 4422 100.
1307 4369 1458 4422 Pind.
1498 4367 1644 4421 Nem.
1687 4366 1749 4418 V.
1788 4385 1859 4419 vs.
1902 4369 1981 4420 12.
