3317 5117
1331 420 1759 483 —43-

361 603 623 671 Athen.
671 603 834 670 XV.
885 607 1009 670 693
1054 603 1143 685 D,
1191 608 1352 690 post
1395 624 1697 670 coenam
1746 597 1931 683 (μετὰ
1976 596 2063 666 τοὶ
2113 598 2341 685 σιτιᾞα)
2397 603 2524 669 sed
2576 602 2722 688 pri-

359 735 674 801 usquam
717 734 1013 781 mensae
1059 715 1203 780 sint
1242 714 1546 797 ablatae,
1592 714 1701 781 illi
1730 714 2011 780 numini
2040 734 2323 781 melum
2354 735 2509 782 esse
2538 712 2721 786 liba-

361 828 518 891 tum
571 826 893 892 tradunt:
962 812 1253 907 ακροῖτου
1309 821 1427 905 μὲν
1473 814 1625 887 ὅσον
1678 824 1881 907 γεῦμα
1925 820 2041 887 καὶ
2090 824 2322 907 δεῖγμα
2366 823 2481 911 τῆς
2524 824 2721 892 δυνά-

359 959 529 1017 μεως
569 936 684 999 τοῦ
724 924 1028 1018 Ἀγαθοῦ
1071 935 1260 1012 θεοῦ,
1319 927 1431 999 τὸν
1475 932 1546 998 δὲ
1591 929 1829 998 λοιπὲν
1870 925 1994 1020 ήδη
2048 933 2453 1017 κεκραμένον.
2538 938 2722 1007 Tum

363 1048 599 1133 pergit
627 1046 1076 1113 Athenaeus:
1135 1037 1236 1109 ὅτι
1283 1043 1354 1109 δὲ
1393 1041 1710 1131 δοθείσης
1752 1047 1866 1131 τῆς
1911 1046 2027 1109 τοῦ
2066 1035 2370 1129 Ἀγαθοῦ
2414 1044 2723 1131 δαίμονος

359 1149 651 1239 κράσεως
695 1152 854 1232 ἔθος
897 1143 974 1242 ἦν
1016 1152 1472 1239 βαστάζεσθαι
1517 1151 1640 1231 τάξ
1683 1154 2031 1251 τραπέζας.
2110 1156 2388 1237 Quibus
2419 1162 2721 1228 testibus

355 1269 540 1336 haec
597 1271 919 1355 quaestio
977 1270 1378 1354 composita
1421 1269 1732 1349 videtur,
1797 1272 1876 1334 ut
1939 1269 2255 1365 dub-itari
2316 1276 2642 1356 nequeat.
2671 1272 2717 1356 ¹)

358 1378 629 1446 Tamen
689 1380 978 1446 obstant
1033 1380 1184 1461 alii,
1249 1382 1374 1466 qui
1418 1400 1566 1447 non
1606 1381 1851 1445 minus
1906 1384 2074 1445 sunt
2115 1380 2508 1467 locupletes
2552 1382 2715 1449 illis.

359 1490 458 1557 Ut
486 1490 750 1557 Pollux
798 1490 950 1573 (VI.
989 1491 1134 1572 100)
1182 1489 1362 1556 haec
1410 1490 1609 1557 dicit:
1672 1478 1977 1572 Ἀγαθοῦ
2020 1486 2092 1552 δὲ
2136 1484 2446 1571 δαίμονος
2491 1481 2748 1573 ὅμετά.

359 1595 477 1676 τὰς
531 1597 868 1682 τραπέζας
919 1591 1200 1681 ι’ίκρατος
1253 1596 1367 1662 καὶ
1425 1590 1657 1685 Ἑρμῆς
1701 1589 1742 1684 ἡ
1805 1595 2142 1663 τελευταία
2207 1594 2420 1677 πόσις.
2509 1603 2719 1671 'Anti-

360 1712 622 1799 phanis
677 1713 937 1779 comici
985 1712 1334 1797 Lampad.
1381 1711 1466 1778 fr.
1520 1718 1572 1777 1.
1675 1706 1985 1792 Τράπεζα
2039 1710 2483 1797 φυστημινεὶς,
2550 1701 2717 1777 ἄλλα

358 1818 487 1907 μὴν
530 1818 842 1903 δαίμονος
881 1812 1182 1905 Ἀγαθοῦ
1225 1816 1691 1905 μετάνιπτρον,
1739 1819 2089 1905 ἐντραγεῖν,
2138 1817 2419 1906 σπονδή,
2473 1818 2716 1905 κρότος,

359 1934 490 2000 ubi
519 1933 1008 1999 secundarum
1036 1953 1456 2000 mensarum
1473 1934 1557 1999 fit
1585 1935 1871 2001 mentio.
1922 1918 2200 2014 Quibus
2234 1932 2473 2002 verbis
2493 1928 2717 2002 Athe-

354 2063 582 2110 naeus
647 2042 826 2110 haeo
894 2043 1125 2110 addit:
1203 2036 1697 2122 ΖΗετάνιπτρον·
1755 2032 1793 2127 ἧ
1848 2038 2011 2124 μετα
2065 2039 2138 2108 τὸ
2202 2044 2490 2122 δεῖπνον,
2555 2043 2719 2131 ἐπὴν

357 2143 846 2235 ἀπονίψωνται,
912 2150 1215 2237 διδομένη
1261 2147 1462 2229 κύλιξ.
1551 2154 1905 2221 Distincte
1971 2155 2144 2221 dicit
2194 2156 2717 2239 Eusthatiusfl)

355 2250 430 2348 ἦν
476 2287 542 2325 τι
586 2257 921 2347 ποτήριον,
970 2253 1058 2337 ὡς
1104 2258 1349 2345 ἱστορεῖ
1376 2257 1628 2338 Αἴλιος
1657 2258 2020 2342 Διονύσιος,
2062 2254 2367 2348 Ἀγαθοῦ
2406 2262 2719 2347 δαίμονος

265 2412 271 2419 ·
355 2367 706 2457 λεγόμενον,
751 2368 826 2436 τὸ
870 2368 1034 2455 μετὰ
1082 2365 1271 2455 ἄρσιν
1313 2373 1652 2453 τραπεζῶν
1694 2358 2238 2458 προσφερόμενον.
2256 2378 2303 2460 3)

530 2501 730 2582 Quae
785 2524 952 2569 611111
1006 2505 1108 2569 ita
1161 2505 1304 2569 sint
1353 2524 1586 2589 neque
1640 2502 1980 2586 habeam,
2046 2526 2176 2571 6111·
2240 2506 2563 2573 dubitem
2627 2507 2717 2573 de

356 2615 649 2680 testium
704 2614 877 2695 fide,
943 2614 1526 2680 concludendum
1581 2633 1737 2680 esse
1792 2612 2080 2697 6611360,
2144 2619 2499 2682 mutatam
2560 2638 2715 2685 esse

357 2725 602 2811 aliquo
648 2727 968 2809 tempore
1001 2725 1596 2791 consuetudinem
1637 2726 2129 2791 convivarum.
2208 2726 2391 2793 Mihi
2422 2728 2717 2813 quidem

357 2836 814 2921 aptissimum
863 2835 1177 2917 videtur,
1231 2835 1656 2902 libationem
1695 2824 1997 2918 ’Λγαθοῦ
2049 2832 2359 2917 ὁαιζιιονος
2412 2839 2716 2905 effusam

357 2964 516 3011 esse
557 2946 848 3011 ineunte
895 2946 1247 3012 convivio.
1336 2943 1533 3011 Nam
1576 2944 1949 3012 Bacchum
1994 2985 2081 2991 —-
2124 2968 2339 3033 quem
2394 2949 2527 3015 sub
2575 2947 2713 3016 1106

353 3057 649 3122 1101111116
696 3056 935 3121 audiri
962 3056 1295 3141 pluribus
1324 3057 1503 3122 10613
1536 3058 1877 3135 constat⁸)
1926 3095 2003 3101 —-
2053 3057 2316 3143 optime
2362 3078 2507 3123 non
2554 3078 2711 3126 606-

351 3186 492 3233 nae
537 3166 665 3233 sed
712 3167 1043 3233 convivio
1088 3186 1422 3252 praeesse
1467 3187 1680 3233 nemo
1726 3169 2036 3251 negabit.
2116 3167 2259 3235 Sed
2304 3168 2442 3235 hoe
2489 3171 2711 3235 statu-

356 3278 632 3344 endum
663 3282 788 3360 est,
821 3278 1244 3345 libationem
1267 3264 1571 3360 ’Λγαθοῦ
1606 3272 1915 3357 δαίμονος
1946 3298 2229 3365 semper
2257 3279 2526 3346 factam
2556 3299 2714 3347 esse

349 3386 516 3475 po'st
551 3408 850 3454 coenam
898 3381 1082 3467 (μετὰ
1126 3381 1210 3449 τὰ
1242 3382 1444 3465 σιτία,
1489 3382 1651 3466 μετὰ
1696 3383 1813 3472 τὴν
1855 3387 2207 3471 πλήρωσιν,
2252 3383 2417 3469 μετὰ
2461 3389 2537 3452 τὸ
2583 3389 2711 3453 δεῖ·

348 3499 562 3580 avons.)
638 3496 849 3578 Quod
890 3518 1160 3564 numen
1193 3518 1339 3564 non
1372 3499 1607 3564 solum
1636 3500 2018 3565 vinearum
2046 3502 2302 3592 genius
2336 3496 2381 3565 a
2411 3498 2710 3568 Graecis

526 3737 562 3804 ¹)
597 3736 795 3789 Eadem
841 3736 1082 3789 referunt
1127 3694 1429 3789 Philonides
1477 3737 1578 3806 (ap.
1629 3736 1823 3790 Athen.
1860 3736 1978 3789 XV.
2015 3756 2065 3807 p.
2105 3740 2203 3792 675
2240 3739 2308 3802 B)
2356 3738 2713 3805 Nicostratus,

353 3822 540 3887 (Kook.
577 3821 642 3873 11.
678 3839 731 3891 p.
766 3822 882 3875 225.
921 3823 987 3875 fr.
1025 3822 1148 3888 20.),
1187 3823 1292 3875 alii.

522 3925 566 3990 ²)
601 3924 669 3977 ad
706 3924 861 3977 Hom.
900 3922 1000 3978 Od.
1039 3925 1186 3982 1471,
1225 3924 1307 3977 32.

519 4024 564 4093 ³)
600 4025 762 4079 Plane
807 4026 949 4079 idem
994 4026 1268 4095 proferunt
1322 4024 1493 4081 Schol.
1540 4026 1807 4097 Aristoph.
1846 4028 2024 4097 Equit.
2072 4046 2147 4083 vs.
2192 4030 2273 4083 85.
2324 4032 2377 4082 et
2412 4029 2710 4099 Tbeopomp

351 4110 535 4176 (Koek.
571 4110 612 4163 Ι.
649 4128 701 4180 p.
737 4112 853 4163 744.
892 4129 942 4164 n.
980 4111 1086 4174 40.)

522 4213 564 4280 ⁴)
602 4212 680 4269 Cf.
715 4212 1047 4267 Philonidem
1082 4229 1164 4282 ap.
1203 4212 1394 4266 Athen.
1436 4210 1550 4266 XV.
1586 4231 1636 4283 p.
1684 4214 1786 4267 675
1800 4214 1861 4280 Β,
1918 4231 2072 4284 quem
2108 4216 2240 4283 Hug
2272 4216 2466 4269 iniuria
2509 4216 2709 4269 refutat

353 4298 529 4351 causis
579 4315 682 4351 non
725 4298 922 4351 additis
975 4300 1030 4351 et
1074 4297 1246 4350 Schol.
1293 4300 1560 4368 Aristoph.
1614 4298 1792 4368 Equit.
1847 4317 1920 4354 vs.
1979 4300 2061 4353 85.
2138 4301 2215 4355 Cf.
2269 4301 2411 4354 Plut.
2470 4315 2703 4369 sympos.

348 4386 556 4451 quaest.
592 4382 737 4438 VIII.
779 4384 857 4436 10.
894 4383 943 4438 3.
