3317 5117
1319 386 1745 448 -2-69-

353 570 504 636 dixi
550 569 639 636 de
684 589 982 637 munere
1026 570 1515 653 ministrandi,
1572 571 1781 652 quale
1834 572 2244 639 invenimus
2289 572 2365 637 in
2408 571 2497 639 iis
2543 591 2707 637 vas-

351 680 554 763 culis,
599 681 730 747 ubi
770 683 1057 766 praeter
1097 684 1425 763 matrem,
1471 701 1756 749 sorores
1788 680 2026 763 Ceres,
2071 680 2421 764 Minerva,
2467 681 2711 749 Diana

348 790 842 857 ministrantes
888 793 1255 877 apparent.
1347 788 1586 870 Quam
1628 812 1785 859 rem
1839 793 2105 879 optime
2152 792 2502 878 explicari
2545 812 2708 859 cen-

352 921 492 983 se0,
540 920 710 968 cum
756 900 1093 982 dicimuS,
1139 921 1287 968 non
1331 901 1754 969 libationem
1799 904 2115 989 primum
2158 903 2401 970 locum
2447 906 2707 985 tenere,

351 1011 479 1079 sed
508 1012 750 1099 ipsum
777 1030 1046 1077 munus
1075 1011 1555 1079 ministrandi.
1632 1011 1829 1079 Nam
1866 1012 2069 1080 illam
2098 1016 2446 1099 pateram,
2493 1032 2711 1092 quam

348 1126 542 1189 tenet
587 1121 706 1189 dei
749 1124 1014 1205 statua,
1071 1122 1214 1189 alio
1258 1122 1478 1189 modo
1523 1123 1835 1207 intelligi
1877 1144 2024 1189 non
2068 1143 2278 1209 posse
2321 1126 2521 1210 puto,
2568 1124 2709 1192 nisi

351 1232 566 1300 deum
627 1252 954 1320 poscere,
1019 1236 1099 1299 ut
1150 1253 1282 1319 pro
1338 1234 1568 1300 servis
1612 1234 1666 1301 ii
1717 1233 2047 1301 homines
2090 1234 2230 1320 ipsi
2281 1235 2709 1317 ministrent,

351 1345 470 1424 qui
514 1344 790 1411 cultum
836 1343 1231 1411 exhibituri
1272 1344 1540 1431 templo
1597 1345 2188 1431 appropinquent.
2278 1343 2473 1411 Nam
2519 1344 2710 1425 quod

350 1454 434 1537 ei,
481 1455 602 1534 qui
647 1454 909 1520 usitato
953 1473 1254 1520 munere
1297 1453 1508 1539 fungi
1534 1474 1682 1520 non
1723 1455 1974 1536 solent,
2019 1454 2160 1521 hoc
2188 1474 2454 1521 munus
2485 1457 2711 1522 susci-

348 1565 577 1651 piunt,
623 1563 974 1631 honorem
1020 1563 1136 1631 vel
1178 1565 1532 1631 maiorem
1577 1564 1852 1632 cultum
1896 1564 2317 1633 habendum
2360 1584 2518 1631 esse
2560 1566 2710 1631 iam

349 1694 571 1761 supra
613 1674 953 1742 indicavi.
1039 1672 1242 1755 Quae
1287 1695 1456 1742 cum
1499 1675 1602 1742 ita
1647 1676 1810 1757 sint,
1857 1674 1986 1741 illa
2028 1679 2299 1762 patera,
2348 1696 2527 1755 quae
2575 1675 2709 1743 deo

346 1785 485 1854 hoc
529 1785 748 1853 modo
795 1786 1238 1867 attribuitur,
1297 1784 1697 1870 significari
1742 1804 2025 1869 censeO,
2082 1786 2299 1853 deum
2341 1786 2711 1872 postulare

349 1898 441 1965 ab
485 1896 907 1963 hominibus
952 1896 1511 1977 venerationem,
1560 1896 1853 1963 cultum.

515 2006 798 2075 Eodem
841 2006 1059 2074 modo
1108 2006 1309 2073 aliud
1354 2026 1632 2086 quoque
1664 2007 2131 2074 vasculorum
2173 2025 2403 2089 genus
2445 2006 2711 2073 iutelli-

347 2117 668 2203 gendum
722 2136 879 2185 esse
943 2118 1284 2199 arbitror,
1348 2117 1476 2184 ubi
1536 2136 1684 2183 non
1741 2116 2044 2184 deorum
2096 2116 2515 2199 simulacra,
2578 2117 2710 2184 sed

346 2230 506 2315 ipsa
546 2229 854 2295 numina
894 2227 1380 2295 inveniuntur.
1470 2226 1633 2294 Iam
1675 2226 2186 2311 Furtwangler
2230 2227 2320 2294 de
2363 2226 2493 2293 tali
2538 2247 2709 2307 quo-

349 2339 519 2406 dam
564 2338 864 2406 vasculo
910 2341 1101 2405 recte
1146 2338 1515 2420 iudicavit,
1535 2337 1585 2420 ¹)
1633 2338 1839 2404 cuius
1883 2336 2294 2423 fragmenta
2335 2338 2413 2405 in
2441 2337 2709 2424 Dipylo

345 2453 632 2537 reperta
693 2451 878 2516 sunt.
977 2448 1278 2517 Summo
1343 2450 1498 2515 iure
1559 2448 1683 2515 ille
1749 2470 1811 2514 v.
1879 2448 1946 2515 d.
2012 2448 2196 2515 duas
2260 2448 2463 2531 deaS,
2528 2468 2710 2529 quae

347 2562 649 2647 sceptris
684 2560 1008 2644 insignes
1054 2563 1240 2642 sunt,
1289 2557 1630 2626 Cererem
1674 2562 1745 2625 et
1773 2557 2288 2645 Proserpinam
2332 2558 2711 2625 habendas

346 2691 500 2739 esse
547 2673 791 2739 censet
835 2673 1043 2751 atque
1087 2671 1206 2752 ita,
1254 2672 1336 2736 ut
1379 2668 1598 2737 Ceres
1643 2670 1721 2736 in
1767 2669 1936 2737 sede
1983 2669 2338 2737 collocata
2379 2671 2710 2755 pateram

343 2785 602 2864 teneat,
646 2782 723 2847 in
769 2802 983 2863 quam
1015 2781 1170 2848 filia
1213 2781 1468 2847 vinum
1506 2800 1595 2847 ex
1638 2779 1898 2847 hirnea
1940 2780 2273 2847 infundit.
2349 2778 2472 2845 Ad
2517 2779 2710 2860 quod

341 2893 539 2961 idem
608 2892 790 2960 haec
853 2892 1394 2960 animadvertit:
1501 2892 1735 2958 Unsere
1804 2883 1991 2967 κύλιξ
2043 2891 2341 2956 vielmehr
2359 2942 2374 2971 ,
2446 2912 2539 2955 wo
2606 2892 2707 2955 die

343 3005 599 3070 Μαίων
645 3004 861 3069 tlt-rom
887 3005 1022 3068 und
1062 3025 1182 3068 von
1226 3004 1337 3067 der
1373 3002 1634 3067 Tochter
1678 3003 1925 3067 bedient
1951 3003 2129 3082 wird,
2169 3002 2390 3085 yeho’rt
2412 3022 2494 3065 zu
2536 3003 2711 3066 einer

341 3116 416 3181 K
418 3116 608 3189 lasse,
663 3136 756 3179 wo
799 3116 918 3179 das
958 3114 1336 3197 Einyiessen
1383 3113 1625 3197 typi-soh
1680 3115 1765 3177 ist
1810 3113 1910 3177 als
1952 3114 2089 3177 eine
2130 3112 2710 3195 Ehrenbezeuyuny

341 3247 462 3291 von
509 3225 840 3309 Jiinqeren
884 3226 1004 3290 den
1047 3226 1347 3289 Aelteren
1389 3226 1715 3302 erwiesem
1757 3223 1895 3289 hier
1937 3226 2024 3288 ist
2066 3223 2394 3289 natffirlich
2438 3224 2539 3288 die
2580 3222 2707 3287 Be-

343 3338 618 3420 deutunq
665 3337 771 3401 des
813 3336 1225 3417 Einyiessens
1278 3335 1381 3400 als
1425 3332 1935 3415 Dienstleistuny
1979 3334 2081 3398 die
2122 3333 2533 3414 Hauptsache
2575 3334 2713 3397 und

247 3461 254 3469 ·
342 3448 452 3512 der
494 3446 858 3512 Besohauer
900 3446 1082 3512 sollte
1135 3445 1298 3511 wohl
1341 3446 1532 3509 kaum
1586 3466 1673 3510 an
1717 3446 1816 3509 die
1861 3444 2376 3527 darauffolyende
2419 3436 2709 3525 reliyib'se

341 3558 730 3642 Handlunq,
786 3558 888 3623 die
939 3559 1052 3622 mit
1105 3554 1298 3621 Gebet
1340 3556 1733 3619 verbundene
1778 3545 2031 3639 σπονδή
2076 3554 2333 3619 denken.
2408 3552 2555 3621 Sed
2611 3554 2707 3622 ab

341 3688 444 3753 eo,
493 3667 687 3751 quod
728 3688 924 3735 nunc
955 3668 1132 3735 dicit
1175 3666 1298 3734 ille
1346 3688 1410 3732 v.
1460 3666 1550 3747 d.,
1596 3686 1713 3732 me
1759 3665 1973 3751 plane
2020 3664 2421 3747 dissentire,
2468 3684 2558 3729 ex
2594 3665 2705 3747 iis,

343 3799 522 3859 quae
566 3778 836 3865 protuli
855 3832 871 3862 ,
936 3777 1262 3845 elucebit.
1368 3775 1564 3843 Nam
1625 3774 1771 3841 illis
1833 3776 2255 3842 numinibus
2278 3828 2293 3857 ,
2357 3773 2706 3858 Victoria,

340 3888 554 3971 Iride,
616 3887 1011 3970 MercuriO,
1075 3889 1375 3969 Amore,
1424 3886 1715 3971 satyris,
1779 3885 2257 3952 maenadibus
2318 3904 2467 3950 non
2508 3884 2706 3951 idem

339 3999 670 4081 indicari,
703 4002 913 4079 atque
950 3998 1089 4065 hoc
1120 3998 1197 4064 in
1228 3996 1526 4063 vasculo
1557 3994 1997 4082 Proserpina
2024 3996 2498 4077 ministrante,
2545 4015 2703 4081 per—

342 4128 639 4176 suasum
683 4109 936 4178 habeo.
1015 4108 1217 4188 Quae
1263 4107 1526 4189 omnia,
1572 4109 1653 4172 ut
1698 4124 1921 4192 supra
1965 4106 2287 4192 exposui,
2333 4105 2550 4191 plane
2593 4125 2707 4172 re-

521 4334 558 4395 1)
594 4331 968 4398 Mitteilungen
1006 4330 1098 4383 des
1137 4330 1311 4383 athen.
1351 4327 1527 4383 Instit.
1567 4326 1658 4380 VI.
1700 4328 1878 4392 (1881)
1914 4345 1965 4396 p.
2007 4327 2104 4381 115
2142 4344 2253 4397 sqq.
