3317 5117
1342 429 1769 493 ...37-

371 609 664 697 glyphis
695 610 1080 679 adorantes
1111 612 1594 695 inveniuntur,
1641 613 1769 699 qui
1804 611 2101 699 quidem
2129 612 2345 679 valde
2392 612 2733 679 differunt

373 721 466 788 ab
510 721 675 804 illis,
723 741 905 807 quos
950 740 1174 808 supra
1217 722 1552 789 vidimus.
1645 721 1841 789 Nam
1894 742 2062 791 cum
2114 722 2222 789 illi
2264 721 2448 789 nihil
2490 722 2731 791 facere

372 830 678 913 soleant,
731 832 872 899 nisi
905 830 1264 899 adorandi
1305 836 1617 917 gestum,
1663 832 1743 900 hi
1773 832 1967 899 dona
2008 831 2316 899 ferentes
2361 837 2729 919 apparent,

371 961 620 1025 ovum,
666 942 973 1027 gallum,
1019 941 1292 1023 florem,
1338 943 1617 1010 malum
1659 947 2069 1029 granatum,
2116 943 2278 1009 alia.
2372 940 2569 1023 Quas
2613 963 2731 1010 res

373 1052 436 1118 si
478 1053 1053 1140 perlustraveriS,
1101 1054 1344 1121 statim
1372 1054 1505 1121 tibi
1547 1054 1625 1120 in
1661 1057 1980 1121 mentem
2008 1055 2249 1121 veniet
2276 1053 2462 1121 illud
2491 1055 2729 1140 sepul·

371 1184 578 1231 crum
637 1162 917 1233 Xanthi
978 1168 1378 1251 repertum,
1454 1164 1545 1232 de
1618 1184 1761 1252 quo
1836 1165 1983 1232 iam
2056 1184 2281 1250 supra
2342 1164 2726 1251 disputavi.

371 1270 834 1361 Quamquam
894 1273 1010 1342 his
1072 1294 1358 1362 quoque
1419 1275 1494 1341 in
1566 1276 2053 1342 monumentis
2113 1274 2475 1343 sacrificia
2545 1274 2731 1341 fiunt

369 1385 694 1466 mortuiS‚
739 1388 984 1453 tamen
1032 1386 1472 1453 caerimonia
1513 1385 1729 1471 plane
1774 1385 1921 1452 alia
1962 1386 2345 1467 invenitur,
2393 1388 2607 1471 atque
2652 1386 2727 1453 in

369 1496 605 1580 primo
663 1496 789 1563 illo
843 1515 1106 1580 genere
1161 1495 1771 1582 anaglyphorum,
1838 1496 1915 1562 in
1978 1516 2145 1582 quo·
2182 1495 2398 1564 heros
2464 1495 2730 1563 fruitur

369 1625 626 1687 coena3
687 1605 828 1673 hoc
877 1607 956 1673 in
1008 1606 1235 1673 altero
1289 1606 1684 1674 cantharus
1731 1606 1936 1674 heroi
1980 1606 2275 1674 additus
2320 1609 2429 1675 est
2471 1606 2730 1677 eodem

372 1735 608 1798 sensu,
655 1737 871 1803 quem
899 1718 1049 1783 iam
1093 1734 1318 1804 supra
1361 1718 1681 1804 exposui,
1728 1718 1855 1785 ubi
1882 1720 2135 1804 patera
2163 1720 2496 1804 porrecta
2512 1717 2564 1798 ¹)
2608 1717 2729 1784 dei

370 1825 488 1893 vel
551 1827 851 1895 deorum
919 1827 1314 1895 simulacra
1365 1827 1690 1895 officium
1734 1828 1850 1894 vel
1901 1804 2140 1915 potius
2192 1828 2727 1897 venerationem

371 1938 510 2005 sibi
571 1937 962 2005 vindicant.
1029 1974 1100 1984 -
1172 1935 1385 2017 Quod
1447 1938 1757 2005 alterum
1818 1958 2051 2023 genus
2114 1939 2479 2025 antiquius
2549 1958 2725 2022 esse,

369 2068 592 2134 quam
654 2048 784 2115 illa
842 2049 1316 2135 necrodipnia
1375 2069 1586 2116 nemo
1649 2050 1961 2135 negabit.
2070 2047 2230 2130 Quo
2302 2050 2520 2117 modo
2587 2049 2726 2117 hae

370 2158 558 2226 duae
614 2158 1197 2245 anaglyphorum
1250 2159 1528 2227 formae
1583 2159 1953 2228 adhibitae
2006 2161 2151 2227 sint
2202 2160 2299 2228 ad
2344 2160 2517 2228 deos
2560 2160 2725 2227 illos

369 2269 638 2337 inferos
693 2269 1241 2354 significandOS,
1306 2270 1431 2356 qui
1475 2270 1817 2338 Eleusine
1881 2274 2234 2339 vocantur
2288 2258 2323 2334 ὃ
2368 2269 2527 2347 θεός
2570 2275 2643 2339 et
2684 2260 2725 2355 ἡ

369 2373 517 2459 θεά,
563 2401 709 2448 non
739 2400 985 2447 meum
1014 2383 1140 2463 est,
1185 2380 1323 2447 hoc
1367 2381 1526 2449 loco
1559 2382 1969 2448 accuratius
2007 2381 2377 2449 disserere.
2453 2382 2564 2449 De
2608 2382 2724 2449 his

368 2491 586 2559 rebus
628 2491 994 2578 inspiciaS,
1042 2510 1228 2577 quae
1271 2489 1783 2577 Furtwangler
1813 2513 1877 2557 v.
1924 2492 1989 2558 d.
2039 2493 2326 2577 egregie
2371 2492 2723 2580 patefecit.

369 2601 678 2683 (Einleit.
725 2624 781 2668 z.
829 2600 1127 2669 Samml.
1177 2600 1343 2671 Sab.
1391 2622 1457 2688 p.
1507 2606 1587 2669 29
1635 2602 1841 2688 sqq.).

1455 3188 1624 3271 III.

535 3374 750 3443 Nunc
771 3395 961 3457 vere,
993 3378 1074 3441 ut
1103 3375 1200 3441 ad
1217 3376 1438 3443 finem
1454 3376 1856 3462 perducam
1883 3375 2445 3461 disputationem
2462 3396 2721 3461 meam,

364 3486 618 3570 paucis
663 3486 1103 3553 adumbrare
1147 3485 1392 3569 liceat,
1449 3506 1592 3572 quo
1640 3486 1859 3552 modo
1914 3486 2060 3553 sint
2100 3484 2455 3553 translata
2498 3488 2725 3555 verba

363 3594 661 3662 libandi.
753 3595 990 3663 Voces
1035 3590 1349 3672 σπονδαί,
1407 3592 1817 3659 σπένδεσθαι
1864 3595 1980 3662 vel
2026 3589 2320 3671 σπονδᾶς
2362 3600 2722 3661 ποιεῖσθαι

363 3706 881 3792 posterioribus
911 3706 1356 3792 temporibus
1385 3707 1489 3773 ita
1518 3705 1852 3773 adhiberi
1893 3705 2143 3789 solent,
2188 3710 2273 3773 ut
2315 3708 2727 3791 significent

361 3819 675 3890 indutias,
713 3818 932 3897 foedus
977 3854 1031 3863 -
1084 3816 1402 3884 indutias
1447 3817 1704 3899 facere,
1748 3816 2003 3884 foedus
2046 3817 2248 3884 inire.
2324 3816 2571 3886 Facile
2614 3819 2724 3885 in-

361 3927 746 4011 tellegitur,
791 3926 982 3995 hanc
1029 3928 1233 3995 verbi
1277 3926 1883 4013 significationem
1910 3926 2251 3993 haustam
2296 3948 2452 3996 esse
2498 3949 2587 3995 ex
2632 3930 2723 3996 iis

361 4036 832 4105 libationibus
853 4091 868 4121 ,
933 4059 1118 4124 quae
1178 4038 1451 4106 fiebant
1509 4039 1587 4105 in
1658 4038 1815 4105 iure
1882 4038 2212 4104 iurando,
2302 4037 2543 4105 Huius
2616 4041 2725 4106 rei

362 4148 672 4233 vestigia
716 4150 1058 4215 exsistere
1103 4151 1276 4235 puto
1322 4150 1425 4215 eis
1471 4148 1679 4231 lociS,
1744 4149 1873 4216 ubi
1919 4151 2451 4234 componuntur
2504 4170 2723 4214 σπον-

370 4306 500 4313 —-

537 4386 574 4450 ¹)
611 4382 688 4439 Cf.
724 4384 1094 4452 Furtwangler
1129 4384 1165 4439 1.
1204 4402 1248 4438 c.
1284 4402 1333 4453 p.
1374 4385 1456 4437 24.
