3317 5117
1265 444 1690 509 -33-

300 650 624 717 corpora,
669 652 760 699 ne
792 632 954 718 quis
983 630 1364 697 hominum
1408 650 1496 697 ea
1523 633 1796 715 tangat,
1842 630 2106 716 optime
2138 630 2305 715 igne
2351 648 2389 695 e
2417 626 2659 695 medio
2728 638 2736 643 '

297 741 454 809 tolli
495 740 1006 809 intellexerunt
1043 738 1332 824 Graeci,
1356 740 1404 823 ¹)
1446 740 1526 808 id
1569 740 1768 827 quod
1818 740 2007 807 inter
2050 738 2391 807 sacrificii
2436 745 2660 812 caeri-

299 854 581 921 monias
625 856 997 939 receptum
1041 854 1166 919 est.
1215 886 1294 896 —-
1343 849 1534 931 Quin
1579 851 1800 918 etiam
1842 850 2306 935 contendam,
2354 874 2661 941 corpora

299 963 817 1048 posterioribus
880 982 1166 1048 quoque
1227 961 1675 1047 temporibus
1736 961 2043 1028 mortuis
2097 960 2270 1028 data
2311 979 2458 1030 non
2504 984 2659 1033 esse

301 1073 480 1140 cibo,
572 1071 768 1139 Nam
835 1071 975 1139 hoc
1037 1093 1127 1139 ex
1181 1071 1518 1139 omnibus
1580 1070 1727 1138 illis
1788 1071 1995 1153 locis,
2060 1072 2188 1139 ubi
2250 1076 2659 1143 accuratius

302 1183 738 1250 describitur
781 1183 1242 1265 caerimonia,
1291 1181 1608 1249 dilucide
1655 1181 2241 1265 cognoscendum
2286 1203 2441 1251 esse
2484 1189 2659 1270 puto

301 1296 601 1379 excepta
627 1293 758 1360 illa
785 1292 1324 1361 Plataeensium
1355 1292 1895 1374 consuetudine,
1938 1311 2159 1379 quam
2187 1312 2336 1359 non
2364 1294 2660 1363 inferias

301 1403 428 1471 sed
474 1403 770 1490 epulum
811 1402 1234 1471 habendum
1279 1421 1434 1469 esse
1478 1421 1703 1487 supra
1745 1403 2074 1487 exposui3
2120 1422 2292 1469 nam
2334 1402 2474 1471 hoc
2512 1406 2662 1473 iam

302 1513 471 1581 hinc
517 1514 769 1597 elucet,
816 1514 1013 1599 quod
1059 1512 1331 1581 archon
1385 1513 1538 1599 ipse
1585 1513 1841 1579 vinum
1886 1512 2067 1580 bibit
2110 1512 2451 1581 heroibus
2495 1536 2661 1602 pro-

301 1624 648 1713 pinatum,
693 1624 773 1691 id
817 1624 1014 1711 quod
1055 1623 1216 1691 fieri
1253 1642 1400 1690 non
1445 1626 1683 1709 potest
1722 1622 1998 1690 inferiis
2028 1624 2333 1691 mortuis
2380 1625 2658 1693 oblatis.

304 1732 534 1814 Quem
580 1735 774 1802 diem
814 1734 1079 1802 festum
1121 1734 1433 1801 similem
1483 1732 1837 1801 honorem
1878 1733 2297 1802 habendum
2354 1756 2510 1804 esse
2552 1738 2661 1804 iu-

304 1844 486 1928 dice,
535 1845 772 1933 qualis
816 1845 953 1913 fuit
981 1844 1307 1928 Athenis,
1355 1844 1517 1912 aliis
1560 1844 1760 1926 locis,
1807 1845 1935 1912 ubi
1979 1846 2231 1931 optimi
2276 1846 2478 1914 urbis
2523 1848 2664 1914 viri

301 1956 377 2021 in
423 1959 770 2042 prytaneo
801 1956 1113 2043 hospitio
1144 1955 1709 2042 excipiebantur.
1746 1990 1824 1999 —
1858 1954 2004 2023 Sed
2047 1958 2294 2025 omnia
2338 1977 2425 2024 ea
2466 1960 2662 2025 testi-

301 2067 566 2147 monia,
628 2087 815 2153 quae
877 2066 1174 2135 inferias
1229 2066 1623 2147 continent,
1689 2084 1931 2133 meam
1993 2066 2405 2154 opinionem
2448 2067 2663 2153 plane

301 2176 625 2261 finnant,
679 2182 760 2244 ut
803 2176 1306 2259 Philostratus,
1321 2176 1376 2259 2)
1431 2177 1558 2263 qui
1603 2175 1692 2242 de
1738 2175 2095 2243 sacrificio
2142 2175 2419 2243 Achilli
2461 2176 2666 2245 heroi

306 2288 547 2355 oblato
591 2292 870 2367 narrat,
915 2288 1150 2355 fossas
1194 2308 1350 2355 esse
1394 2286 1623 2354 factas
1668 2287 1745 2354 in
1787 2286 2098 2370 tumulo,
2154 2288 2229 2354 in
2284 2306 2466 2375 quas
2512 2291 2665 2356 ani-

303 2398 606 2465 malium
653 2400 952 2484 sanguis
995 2398 1194 2465 fluat.
1287 2398 1348 2465 E
1389 2396 1801 2464 Pausaniae
1845 2398 2006 2464 loco
2023 2398 2071 2480 3)
2120 2402 2437 2485 apparet,
2480 2398 2665 2467 nihil

304 2510 610 2577 missum
664 2528 820 2577 esse
871 2510 948 2577 in
1001 2509 1184 2576 tales
1228 2508 1489 2591 fossaS,
1534 2508 1679 2575 nisi
1722 2508 2180 2593 sanguinem:
2242 2506 2363 2571 καὶ
2406 2500 2667 2593 ἄγοντες

309 2614 507 2702 ἱερεῖα
554 2615 616 2683 οἱ
671 2622 924 2695 Φωκεῖς
967 2614 1043 2683 τὸ
1086 2616 1206 2701 μὲν
1243 2608 1413 2701 αἷμα
1459 2609 1548 2682 δι’
1599 2606 1773 2703 ὀπῆς
1801 2614 2131 2697 ἐσχέουσιν
2172 2616 2239 2694 ἐς
2282 2614 2393 2683 τὸν
2434 2612 2663 2705 τάφον,

305 2724 388 2791 τὰ
431 2727 503 2793 δὲ
548 2727 703 2813 κρέα
749 2725 953 2816 ταύτῃ
985 2724 1216 2815 σφίσιν
1261 2724 1540 2793 ἀναλοῦν
1581 2726 2004 2813 καθέστηκεν.
2020 2728 2072 2811 ⁴)
2144 2729 2305 2797 Hoc
2334 2731 2413 2797 in
2442 2732 2665 2798 sacri-

305 2841 470 2909 ficio
501 2841 924 2929 Xanthippo
967 2841 1173 2909 heroi
1215 2841 1406 2908 facto
1451 2841 1582 2907 illa
1608 2842 1917 2925 vestigia
1958 2842 2194 2907 inesse
2238 2844 2432 2926 pute,
2478 2860 2664 2927 quae

306 2953 455 3019 iam
483 2953 560 3020 111
593 2951 960 3039 Odysseae
1005 2953 1164 3021 loco
1195 2952 1624 3033 invenimUS,
1672 2952 1801 3019 ubi
1839 2952 2143 3017 mortuis
2172 2972 2319 3017 non
2349 2951 2663 3034 offertur,

305 3064 449 3130 nisi
478 3066 797 3147 sanguis,
845 3064 1268 3150 corporibus
1308 3062 1553 3149 aliquo
1584 3062 1803 3128 modo
1836 3061 2115 3128 ablatis,
2190 3062 2397 3129 Idem
2442 3062 2664 3147 signi-

307 3172 514 3241 ficari
557 3173 672 3241 his
717 3174 1126 3241 Pausaniae
1181 3172 1517 3255 verbis-'02
1583 3168 1839 3254 λέγεται
1890 3167 1965 3233 δὲ
2008 3168 2123 3233 καὶ
2167 3160 2257 3247 ὡς
2296 3167 2532 3235 ἔθυσεν
2573 3167 2667 3247 εἰς

307 3286 418 3353 τὸν
469 3279 720 3367 βόθρον
779 3285 872 3366 τῷ
927 3280 1218 3358 Πέλοπι,
1283 3303 1414 3369 pro
1483 3284 1680 3349 certo
1742 3281 2005 3362 habe03
2068 3302 2241 3348 nam
2291 3282 2510 3350 huius
2561 3284 2669 3351 rei

311 3402 496 3469 alius
543 3398 823 3464 exsistit
849 3397 1077 3463 testis:
1125 3393 1584 3474 Pindarus‚⁶)
1630 3394 1757 3479 qui
1800 3392 2052 3479 Pelopi
2080 3392 2285 3461 heroi
2320 3410 2410 3461 ea
2450 3396 2670 3463 sacri·

308 3512 477 3579 ficia
539 3508 784 3576 oblata
843 3488 999 3573 esSe
1063 3508 1608 3585 commemorat,
1673 3523 1859 3589 quae
1921 3497 2351 3584 αἱμακουρίαι
2404 3524 2669 3572 vocan-

309 3626 446 3689 tur.
537 3620 658 3686 Ad
719 3617 1032 3684 eundem
1093 3635 1386 3682 versum
1448 3613 1841 3681 scholiasta
1889 3612 2073 3681 haec
2126 3614 2450 3682 adnotat:
2512 3604 2663 3677 κατ’

311 3725 606 3795 ἐνιαυτὸν
651 3721 893 3802 πάντες
937 3722 998 3790 οἱ
1045 3723 1110 3788 ἐν
1153 3726 1232 3810 τῇ
1279 3717 1763 3808 Πέλοποννήσῳ
1823 3718 2061 3809 ἔφηβοι
2108 3727 2177 3786 ἐν
2236 3732 2327 3809 τῷ
2369 3725 2485 3787 τοῦ
2527 3722 2668 3789 Πέ-

493 3988 528 4053 ¹)
567 3984 643 4039 cf.
679 3984 866 4037 Rohde
902 3984 936 4037 1.
974 4001 1017 4035 c.
1053 4000 1102 4051 p.
1145 3981 1258 4035 139.

489 4072 532 4139 2)
568 4070 776 4124 Heroic.
816 4067 958 4119 XIX.
997 4085 1046 4137 p.
1085 4066 1200 4121 741.

485 4156 528 4221 3)
566 4156 632 4209 X.
668 4156 717 4207 4.
758 4154 838 4208 10.

488 4245 529 4293 41
569 4240 644 4296 Cf.
685 4239 927 4307 Stengel:
969 4238 1247 4298 „Hermes“
1293 4237 1424 4290 1892
1465 4253 1514 4305 p.
1555 4236 1668 4288 166.

489 4329 530 4392 ⁵)
565 4325 631 4378 V.
677 4326 754 4379 13.
792 4325 842 4377 2.

489 4413 528 4478 6)
567 4411 776 4480 olymp.
820 4409 859 4461 Ι.
897 4426 970 4462 vs.
1008 4410 1076 4462 90
1111 4424 1224 4477 sqq.
