3317 5117
321 632 602 701 Hecub.
621 635 668 715 ¹)
714 634 1067 715 versibuS‚
1115 652 1296 720 quos
1337 652 1560 720 supra
1591 631 1966 719 adscripsi,
2015 632 2330 700 dilucide
2361 637 2681 720 apparet,

322 742 690 813 Achillem
735 743 1092 830 adpellari
1137 764 1182 809 a
1224 742 1404 827 filio,
1457 744 1538 810 ut
1580 743 1786 811 bibat
1826 742 2180 810 libamina
2222 763 2454 830 neque
2499 763 2679 830 opus

321 854 638 937 videtur,
691 853 910 921 huius
963 854 1069 921 rei
1124 853 1340 940 plura
1380 854 1795 921 testimonia
1839 853 2113 921 afferre.
2160 888 2245 900 -
2291 852 2434 921 Sed
2480 853 2681 921 aliud

323 964 694 1052 quoddam
738 964 1215 1051 premendum
1260 983 1416 1031 esse
1463 964 1743 1051 opinor:
1807 962 2081 1031 Mirum
2123 964 2436 1047 videtur,
2482 965 2680 1051 quod

323 1075 744 1161 saepissime
789 1075 1332 1160 coniunguntur
1375 1094 1502 1141 eae
1539 1072 1941 1157 libationes,
1989 1094 2171 1160 quas
2216 1068 2507 1159 νηφάλια
2553 1095 2677 1141 vo-

322 1205 489 1254 care
534 1184 944 1267 solemuS,²)
1008 1206 1174 1252 cum
1223 1185 1420 1267 vinc,
1476 1184 1673 1271 quod
1715 1184 1859 1252 illis
1904 1204 2312 1272 repugnare
2356 1185 2433 1252 in
2478 1185 2679 1252 cultu

319 1296 696 1379 furiarum,
741 1294 1251 1382 nympharum,
1295 1315 1675 1362 musarum
1719 1298 1846 1363 etc.
1896 1315 2119 1383 supra
2163 1296 2673 1363 demonstravi.

320 1405 516 1473 Nam
577 1426 656 1473 re
719 1426 894 1474 vera
954 1405 1088 1473 has
1161 1425 1445 1493 quoque
1514 1405 1897 1474 libationes
1966 1406 2307 1474 funebres
2370 1407 2678 1475 eandem

320 1516 664 1585 habuisse
711 1518 888 1599 vim,
954 1536 1041 1583 ac
1094 1510 1384 1601 νηφάλια
1440 1516 1743 1584 deorum
1793 1516 2217 1600 inferorum,
2279 1517 2451 1586 hinc
2507 1538 2676 1585 con-

321 1628 518 1695 cludi
563 1630 822 1714 potest,
870 1627 1066 1713 quod
1111 1628 1465 1695 Vocantur
1506 1622 1901 1711 μειλίγματα
1916 1630 1966 1710 3)
2010 1628 2129 1696 vel
2170 1621 2674 1714 μειλικτήρια.4)

317 1738 572 1825 Itaque
617 1738 764 1805 iam
811 1737 950 1805 hac
995 1758 1084 1805 ex
1129 1758 1208 1805 re
1255 1739 1597 1823 cognosci
1638 1742 1897 1825 potest,
1959 1739 2188 1807 factas
2234 1758 2389 1807 esse
2433 1739 2673 1807 libati-

319 1868 512 1931 ones,
543 1852 624 1914 ut
651 1851 1103 1915 mortuorum
1122 1849 1408 1915 animae
1424 1849 1755 1935 placatae
1783 1849 2110 1917 faverent
2130 1849 2570 1918 hominibus,
2599 1886 2675 1897 —

321 1956 461 2027 Sed
521 1978 668 2025 non
721 1957 958 2026 solum
1011 1958 1316 2026 numina
1367 1958 1629 2025 infesta
1672 1957 2031 2026 habentur
2073 1960 2366 2043 mortui,
2429 1962 2511 2027 ut
2556 1959 2675 2027 dei

317 2068 558 2153 inferi,
605 2069 869 2155 quibus
915 2062 1204 2154 νηφάλια
1250 2069 1676 2152 offeruntur,
1722 2069 1851 2137 sed
1897 2066 2112 2136 etiam
2156 2069 2407 2138 haeret
2448 2072 2526 2137 in
2573 2072 2676 2137 eis

320 2179 599 2266 aliquid
641 2177 964 2261 humani,
1012 2179 1208 2265 quod
1245 2180 1412 2247 vino
1459 2179 1703 2246 oblato
1750 2180 2173 2262 delectatur3
2220 2183 2289 2248 et
2329 2179 2471 2248 hac
2515 2181 2677 2268 ipsa

319 2310 395 2357 re
442 2290 783 2358 differunt
825 2293 1279 2357 mortuorum
1323 2291 1608 2356 animae
1654 2310 1701 2357 a
1745 2290 1900 2357 deis
1943 2290 2210 2359 inferis.
2285 2290 2489 2359 Haec
2523 2292 2679 2358 ani-

318 2419 609 2467 marum
669 2404 932 2466 natura
993 2401 1258 2486 optime
1319 2398 1724 2467 illustratur
1774 2401 2285 2488 Aristophanis
2344 2403 2610 2486 verbis,
2626 2404 2676 2484 5)

321 2511 445 2597 qm'
505 2511 777 2577 ironice
839 2514 1091 2576 narrat
1152 2510 1239 2578 de
1294 2511 1445 2577 vita
1503 2512 1719 2579 beata
1769 2515 2223 2579 mortuorum
2275 2513 2672 2581 beatorum.

320 2619 517 2701 Quos
565 2640 817 2687 versus
862 2619 1000 2688 hoc
1046 2621 1206 2689 loco
1253 2620 1669 2689 adscribere
1715 2622 1953 2690 liceat:

731 2728 876 2794 οὐδὲ
921 2726 1042 2815 γάρ
1086 2721 1166 2794 ἂν
1211 2719 1671 2807 ἀποθανόντες
1713 2729 2231 2818 ἐστεφανωμένοι

729 2830 1186 2923 necandae-‘1⁸2
1235 2834 1385 2906 οὗδὲ
1425 2836 1743 2927 βακκάρει
1788 2841 2165 2927 κεχριμένοι,

729 2947 788 3015 εἰ
831 2953 920 3038 μὴ
963 2946 1390 3035 καταβάντας
1433 2949 1680 3029 εὐθέως
1724 2949 1942 3018 πίνειν
1984 2949 2131 3018 ἔδει.

728 3056 1096 3127 ὃιάταῦτα
1142 3055 1262 3147 γάρ
1309 3086 1413 3128 τοι
1458 3061 1573 3127 καὶ
1617 3063 1965 3129 καλοῦνται
2011 3057 2360 3148 μακάριοι·

729 3174 867 3249 πᾶς
910 3168 1031 3258 γάρ
1077 3171 1243 3258 λέγει
1289 3192 1415 3250 τις·
1464 3164 1499 3239 ὅ
1541 3170 1910 3260 μακαρίτης
1956 3169 2223 3254 οἴχεται,

731 3280 1168 3367 κατέδαρθεν·
1219 3274 1562 3367 εὐδαίμων,
1611 3274 1682 3362 ὃς
1734 3274 1850 3350 οὐκ
1896 3274 2255 3351 ἀνιάσεται.

731 3392 847 3458 καὶ
892 3392 1138 3476 θέομεν
1182 3385 1440 3461 αὐτοῖσι
1485 3398 1624 3473 τοῖς
1666 3392 2094 3481 ἐναγίσμασιν

734 3494 960 3589 ὥσπερ
1006 3508 1229 3570 θεοῖσι
1274 3503 1391 3569 καὶ
1433 3500 1591 3586 χοάς
1634 3530 1705 3591 γε
1744 3506 2030 3589 χεόμενοι

734 3606 1084 3697 αἰτούμεθ’
1139 3607 1372 3693 αὐτοὺς
1413 3606 1583 3701 ὁεῖρ’
1637 3607 1886 3681 ἀνεῖναι
1934 3606 2289 3702 τάγαθά.6)

493 3744 653 3812 Iam
699 3765 788 3811 ex
832 3744 947 3812 his
991 3746 1265 3813 ultimis
1312 3747 1551 3813 verbis
1597 3752 1921 3834 apparet,
1971 3746 2289 3815 Graecos
2333 3747 2473 3814 sibi
2514 3766 2675 3833 per-

326 3857 659 3939 suasisse,
705 3860 1028 3943 mortuos
1072 3875 1420 3941 magnam
1463 3856 1806 3924 habuisse
1837 3859 1985 3951 vim
2026 3858 2121 3924 ad
2152 3877 2267 3925 res
2296 3856 2672 3923 humanas.

508 3994 543 4058 ¹)
578 4010 652 4045 vs.
691 3993 792 4046 535
831 4010 941 4061 sqq.

499 4080 540 4145 2)
578 4078 652 4133 Cf.
693 4075 941 4130 Eusthat.
979 4077 1048 4130 ad
1083 4076 1180 4132 Od.
1218 4076 1281 4129 X.
1319 4078 1436 4131 519.

500 4164 542 4229 ³)
580 4162 655 4217 cf.
692 4162 936 4231 Aeschyl.
975 4162 1204 4231 Choeph.
1242 4180 1312 4215 vs.
1355 4163 1417 4216 15

507 4252 541 4315 ²)
578 4249 655 4303 Cf.
695 4248 920 4317 Aeschyl
975 4249 1118 4301 Pers.
1157 4265 1231 4302 vs.
1270 4249 1371 4301 610

501 4336 541 4391 ⁵)
579 4333 846 4401 Tagenist.
885 4334 931 4385 fr
989 4335 1032 4387 1.
1070 4351 1144 4385 vs.
1183 4335 1214 4385 6
1252 4350 1366 4403 sqq.
1422 4332 1603 4394 (Kock.
1644 4333 1681 4386 I.
1720 4350 1773 4399 p.
1809 4335 1907 4387 517
1944 4352 1994 4387 n.
2032 4335 2174 4399 488.)

419 4412 426 4421 ’
503 4420 544 4482 ⁰)
583 4418 658 4472 Cf.
700 4416 898 4471 Platon.
937 4418 1065 4487 Rep.
1106 4416 1176 4469 11.
1215 4417 1316 4470 363
1355 4417 1409 4471 C.
