3317 5117
1456 424 1919 487 .-.90-..

573 608 896 691 evanuit,
968 610 1050 673 ut
1121 606 1196 673 in
1267 604 1686 673 universum
1748 605 2108 684 effundendi
2166 607 2363 673 notio
2433 606 2759 692 profecta
2817 608 2927 674 sit.

572 716 843 785 Tamen
903 715 1424 803 posterioribus
1485 734 1774 802 quoque
1833 716 2279 803 temporibus
2341 716 2545 784 illam
2616 719 2932 804 primam

571 826 1177 913 significationem
1205 826 1586 895 retinuisse
1615 830 1887 913 poetaS,
1933 826 2305 893 nonnullis
2344 826 2527 894 locis
2554 828 2925 913 probatur.

576 937 678 1005 Of.
727 935 1076 1023 Aeschyli
1118 954 1403 1005 versus:
1423 936 1468 1019 ¹)

1153 1076 1683 1163 δακρυσίστακτα
1729 1070 1791 1144 δ’
1842 1070 1971 1144 ἀπ’
2022 1072 2237 1145 ὅσσων

1153 1185 1414 1275 ῥαδινὸν
1456 1189 1799 1273 λειβομένα
1844 1188 1986 1276 ῥέος
2028 1186 2315 1275 παρειὰν

1152 1298 1394 1379 νοτίοις
1437 1297 1656 1386 ἔτεγξα
1702 1302 1974 1385 παγαῖς.

742 1444 935 1514 Nam
979 1451 1193 1534 poeta
1236 1448 1399 1515 voci
1441 1444 1805 1532 λειβομένα,
1852 1468 2038 1537 quae
2067 1448 2205 1516 hoo
2248 1447 2411 1516 loco
2443 1448 2793 1515 vertenda
2822 1452 2931 1514 est

569 1554 918 1640 effundens,
966 1558 1171 1626 addit
1213 1552 1745 1641 δακρυσίστακτα
1791 1579 1935 1647 quo
1983 1560 2283 1625 lacrimas
2312 1561 2497 1641 quasi
2528 1565 2749 1643 guttas
2790 1558 2929 1624 stil-

570 1668 704 1733 lare
757 1669 1221 1757 exprimatur.
1317 1668 1524 1737 Idem
1575 1671 1725 1737 iam
1786 1668 2015 1737 multo
2086 1669 2495 1737 distinctius
2550 1668 2932 1756 Sophoclis

565 1798 821 1846 versus
869 1776 1407 1857 demonstratt2)
1465 1768 1746 1843 ἀστακτὶ
1790 1775 2026 1861 λείβων
2068 1772 2343 1864 δάκρυον
2400 1764 2517 1842 ὧδ’
2568 1768 2928 1862 ὁδοιπορεῖ.

567 1887 760 1957 Nam
813 1892 1054 1977 poeta,
1118 1893 1198 1956 ut
1249 1890 1449 1959 vocis
1504 1884 1768 1973 λείβειν,
1833 1891 2023 1978 quod
2082 1893 2191 1957 est
2241 1893 2484 1975 guttas
2539 1888 2925 1970 effundere,

570 2000 940 2067 notionem
984 2001 1373 2084 genuinam
1423 2004 1705 2086 augeat,
1754 2000 1959 2068 addit
2005 1988 2304 2069 ἆστακτί.
2381 1998 2544 2080 Qua
2579 2020 2658 2067 re
2702 1999 2803 2083 fit,
2848 2003 2930 2066 ut

568 2103 806 2193 λείβειν
851 2098 1134 2173 ἆστακτὶ
1179 2103 1457 2193 δάκρυον
1501 2112 1884 2197 significet:
1934 2112 2221 2198 copiose
2252 2108 2688 2198 profundere
2719 2110 2926 2178 lacri=

567 2240 745 2287 mas.
837 2218 940 2287 cf.
1008 2219 1318 2309 denique
1362 2219 1688 2289 Platonis
1750 2222 2004 2289 verba:
2021 2224 2070 2305 3)
2144 2214 2510 2303 λειβόμενον
2587 2208 2728 2285 ἀπὸ
2800 2221 2933 2283 τῶν

568 2319 774 2394 ὀστῶν
817 2328 932 2393 καὶ
977 2322 1236 2409 στάζον.
1282 2369 1364 2377 -—

739 2440 1010 2524 Restat,
1057 2445 1137 2509 ut
1166 2463 1726 2510 commemorem
1771 2442 1991 2510 aliam
2035 2444 2205 2527 vim,
2252 2464 2439 2531 quae
2477 2444 2724 2512 subest
2764 2444 2930 2511 voci

569 2548 933 2635 λείβεσθαι.
1011 2551 1309 2621 Praeter
1339 2574 1462 2621 eos
1492 2554 1711 2637 locOS,
1758 2573 1939 2642 quos
1971 2556 2119 2622 iam
2151 2554 2377 2637 attuli,
2422 2554 2550 2622 ubi
2579 2548 2926 2635 λείβεσθαι

567 2662 749 2733 nihil
783 2662 984 2731 aliud
1014 2664 1394 2749 significat,
1442 2666 1583 2732 nisi
1604 2667 1890 2747 fundere,
1934 2662 2114 2733 tales
2146 2686 2431 2753 quoque
2460 2666 2931 2733 inveniuntur

567 2776 644 2844 in
708 2775 972 2863 quibus
1034 2775 1500 2860 agnoscenda,
1560 2778 1670 2843 est
1729 2776 1925 2843 notio
1983 2776 2252 2859 fluendi,
2322 2779 2405 2842 ut
2455 2774 2641 2842 verti
2701 2775 2928 2860 possit

569 2886 1012 2968 contabescere,
1058 2885 1134 2953 id
1180 2885 1376 2973 quod
1424 2887 1690 2972 optime
1732 2886 2139 2954 illustratur
2179 2907 2328 2953 non
2373 2890 2523 2953 tam
2566 2886 2656 2952 iis
2701 2885 2928 2972 scrip-

568 3001 809 3063 torum
853 2996 1061 3080 lociS,
1116 2997 1243 3064 ubi
1288 3017 1454 3064 cum
1501 2998 1726 3065 verbo
1772 2995 2137 3080 ὁακρύοις4)
2182 2998 2569 3065 coniuncta
2610 3000 2719 3064 est
2761 3015 2930 3077 vox,

571 3128 818 3195 quam,
883 3110 964 3173 ut
1008 3107 1423 3194 exemplum
1469 3108 1766 3175 afferam
1790 3164 1804 3191 ‚
1869 3129 2039 3176 cum
2100 3097 2340 3191 ἄλγεσι.
2434 3106 2537 3175 Cf.
2594 3105 2923 3194 Euripid.

573 3216 820 3305 Suppl.
869 3238 970 3285 VS.
1025 3222 1214 3285 1119:
1279 3216 1530 3281 πολλοῦ
1574 3212 1653 3303 δὴ
1696 3213 1921 3302 χρόνου
1966 3210 2176 3303 ζώσης
2217 3212 2381 3299 μετὰ
2428 3212 2506 3302 δὴ
2547 3218 2556 3298 Ι
2594 3215 2927 3281 Καταλει-

569 3326 852 3409 βομένας
896 3316 956 3390 τ’
989 3318 1213 3411 ἄλγεσι
1259 3327 1554 3405 πολλοῖς.
1570 3330 1619 3411 5)

744 3438 877 3506 Vis
951 3440 1304 3508 translata
1376 3442 1453 3507 in
1526 3439 1753 3508 altero
1828 3462 2113 3528 quoque
2180 3441 2402 3508 verbo
2474 3439 2757 3507 libandi
2817 3440 2931 3505 in-

572 3551 877 3633 venitur,
939 3551 1016 3617 in
1061 3548 1395 3632 σπένδειν;
1460 3551 1587 3617 sed
1631 3551 2111 3638 premendum
2160 3570 2315 3619 esse
2360 3553 2561 3637 pute,
2614 3546 2757 3616 hoc
2808 3568 2927 3617 ra-

571 3662 857 3729 rissime
902 3664 972 3728 et
1031 3662 1549 3748 posterioribus
1605 3661 1897 3728 demum
1945 3662 2390 3748 temporibus
2435 3658 2706 3728 factum
2750 3678 2926 3726 esse.

569 3770 767 3840 Nam
810 3769 990 3838 haec
1037 3791 1179 3838 vox
1230 3771 1458 3838 multo
1511 3771 1801 3856 longius
1856 3773 2149 3859 propria
2195 3771 2500 3855 vestigia
2551 3766 2930 3855 religionis

751 3976 788 4039 ¹)
825 3974 1089 4028 Prometh.
1128 3991 1201 4026 vs.
1240 3974 1343 4027 400
1379 3991 1493 4043 sqq,

746 4079 787 4143 ²)
825 4076 1077 4145 Oedipod.
1116 4075 1293 4131 Colon.
1333 4093 1407 4128 vs.
1447 4076 1592 4129 1251.

745 4178 787 4245 ³)
824 4178 957 4233 Tim.
996 4197 1046 4248 p.
1082 4178 1150 4233 82
1186 4178 1252 4231 D.

745 4282 787 4343 4)
824 4280 899 4335 cf.
936 4282 1173 4351 Euripid.
1210 4280 1465 4334 Androm.
1495 4297 1568 4333 νε.
1607 4281 1723 4333 532.
1780 4281 2047 4349 Aristoph.
2090 4280 2268 4350 Equit.
2306 4298 2379 4333 vs.
2417 4282 2535 4334 327.

747 4383 787 4448 ⁸)
825 4382 900 4437 Cf.
939 4381 1205 4452 Aristoph.
1243 4381 1420 4451 Equit.
1461 4399 1533 4435 vs.
1572 4382 1687 4435 327.
