3317 5117
1299 394 1723 459 ...75-

337 578 591 663 aperit,
639 581 722 644 ut
761 576 1062 645 libando
1107 578 1508 665 principem
1551 581 1953 647 veneretur.
1972 581 2015 660 ¹)
2108 577 2396 646 Orestes
2439 579 2518 645 in
2560 599 2687 667 pa-

335 688 552 755 triam
595 706 930 755 reversus
973 688 1291 774 primum
1335 708 1412 756 se
1457 688 1735 756 confert
1780 688 1876 755 ad
1919 690 2146 775 patris
2182 689 2562 773 tumulum,
2611 693 2691 757 ut

336 798 402 864 ei
445 818 616 866 cum
658 797 840 865 alias
884 817 1000 865 res
1042 801 1200 865 tum
1243 798 1668 868 libationem
1712 800 2071 885 praebeat.
2090 800 2139 880 2)
2227 798 2350 867 Ad
2392 799 2688 886 placan-

338 908 512 975 dum
541 908 1169 993 Agamemnonem
1211 910 1556 976 maritum
1599 910 2013 996 turpissime
2037 909 2490 977 interfectum
2522 908 2689 996 Cly—

334 1020 774 1086 taemnestra
816 1020 1080 1088 somnii
1121 1020 1438 1105 imagine
1480 1021 1862 1107 perterrita
1904 1020 2287 1087 libationes
2331 1021 2406 1088 in
2452 1020 2688 1107 sepul—

333 1148 456 1195 cro
500 1128 662 1195 fieri
703 1128 919 1197 iubet.
935 1130 983 1211 3)
1057 1128 1388 1217 Denique
1423 1129 1673 1197 multis
1713 1129 2063 1217 exemplis
2108 1131 2394 1197 omissis
2437 1133 2690 1198 memi-

331 1239 526 1306 neris
547 1292 562 1322 ,
653 1240 998 1307 Atossam
1067 1240 1294 1307 Dario
1374 1240 1755 1309 libationes
1836 1240 2089 1307 offerre
2110 1294 2125 1325 ,
2206 1245 2289 1308 ut
2365 1240 2488 1309 ille
2550 1243 2691 1312 sibi

335 1352 698 1435 appareat.
715 1348 762 1427 4)
855 1348 968 1417 Ex
1033 1350 1369 1418 omnibus
1430 1350 1637 1433 locis,
1703 1370 1885 1437 quos
1947 1351 2242 1437 protuli,
2304 1353 2453 1419 iam
2516 1352 2689 1420 satis

333 1458 584 1539 elucet,
614 1461 932 1527 maxime
960 1461 1404 1547 propinquos
1426 1459 2017 1529 defunctum-hoc
2032 1461 2307 1529 honore
2338 1462 2685 1545 affecisse,

332 1569 716 1656 imprimiS,
765 1570 963 1657 quod
1009 1571 1261 1638 attinet
1302 1571 1401 1638 ad
1443 1571 1685 1657 ipsum
1728 1570 1976 1654 funuS,
2031 1573 2149 1639 cui
2196 1572 2442 1639 omnia
2482 1593 2690 1659 prae-

332 1698 592 1765 parare
647 1680 978 1748 solebant
1030 1681 1171 1767 ipsi
1213 1681 1618 1769 propinqui.
1715 1680 1858 1750 Sed
1901 1685 2152 1768 postea
2195 1683 2467 1751 amicos
2513 1704 2689 1771 quo-

334 1808 494 1875 que,
541 1790 725 1858 alios
768 1791 845 1857 in
889 1791 1222 1877 sepulcro
1268 1791 1535 1859 libasse
1581 1812 1727 1859 non
1774 1795 1899 1875 est,
1946 1792 2142 1878 quod
2186 1793 2558 1879 explicem.
2606 1828 2689 1839 -

332 1898 500 1968 Huc
529 1900 822 1985 addam,
862 1921 1046 1988 quae
1076 1902 1304 1971 verba
1331 1900 1507 1969 facit
1535 1901 1846 1985 Electra,
1863 1902 1910 1981 ⁵)
1958 1922 2125 1969 cum
2155 1903 2401 1970 videat
2430 1923 2689 1991 appro-

334 2011 803 2099 pinquantem
849 2032 1191 2094 sororem,
1242 2031 1428 2099 quae
1471 2013 1727 2079 matris
1772 2012 2125 2080 libamina
2167 2016 2431 2099 portat:

725 2136 894 2226 ἀλλ’,
948 2134 1000 2210 ὦ
1047 2142 1226 2233 φίλη,
1273 2140 1517 2211 τούτων
1559 2144 1695 2229 μέν,
1742 2132 1832 2211 ὧν
1872 2142 2036 2227 ἔχεις
2072 2150 2283 2231 χεροῖν

723 2251 946 2343 τύμβῳ
991 2252 1356 2343 προσάψῃς
1397 2255 1624 2344 μηδέν·
1674 2248 1750 2321 οὐ
1795 2250 1916 2343 γάρ
1962 2280 2071 2322 σοι
2112 2255 2315 2339 θέμις

726 2358 866 2433 οὐδ’
917 2358 1116 2447 ὅσιον,
1163 2363 1405 2451 ἐχθρᾶς
1450 2357 1590 2433 ἆπό
1633 2363 1935 2453 γυναικὸς
1981 2362 2245 2433 ἱστάναι

724 2469 1118 2564 κτερίσμαθ’
1170 2468 1318 2544 cide*
1362 2474 1598 2565 λουτρὰ
1643 2476 2042 2566 προσφέρειν
2084 2475 2310 2564 πατρί.

501 2616 699 2683 Nam
740 2617 902 2684 fieri
942 2618 1194 2703 potuit,
1240 2619 1320 2682 ut
1362 2618 1631 2683 mortui
1678 2618 1924 2683 anima
1966 2617 2346 2685 libationes
2383 2619 2693 2703 benigne

334 2746 480 2795 non
527 2729 915 2815 exciperet,
970 2727 1048 2795 id
1092 2727 1290 2815 quod
1333 2725 1503 2795 hinc
1551 2747 1839 2814 quoque
1888 2726 2228 2795 concludi
2268 2747 2480 2814 posse
2527 2748 2728 2796 cen--

334 2858 488 2922 seo,
552 2838 749 2926 quod
792 2838 1002 2906 Darii
1061 2840 1350 2921 umbra,
1417 2858 1602 2924 quae
1666 2838 2010 2905 libatione
2066 2841 2429 2905 commota
2484 2836 2694 2905 uxori

336 2950 690 3037 apparuit,
737 2952 979 3036 aperte
1026 2949 1381 3035 planeque
1425 2950 1885 3035 pronunciat:
1948 2942 2109 3027 χοὰς
2149 2944 2223 3011 δὲ
2266 2943 2693 3035 πρευμενὴς

333 3053 664 3145 ἐδεξάμην.
681 3060 730 3139 ⁶)

503 3187 721 3255 Nunc
751 3187 1270 3273 inquirendum
1299 3190 1425 3268 est,
1473 3186 1647 3273 quid
1682 3187 1775 3253 sit
1803 3185 2112 3253 libatum
2142 3186 2465 3253 mortuis.
2530 3185 2693 3256 Hac

337 3318 624 3386 quoque
675 3298 750 3364 in
806 3298 1224 3384 quaestione
1273 3296 1739 3365 statuendum
1784 3315 1939 3365 esse
1984 3296 2164 3364 mihi
2208 3298 2563 3382 persuasi,
2613 3334 2690 3341 —

333 3407 411 3475 id
454 3408 650 3496 quod
693 3410 843 3475 iam
881 3411 1095 3475 antea
1120 3407 1440 3474 vidimus
1484 3409 1561 3474 in
1609 3407 2048 3475 disserendis
2083 3408 2171 3475 iis
2212 3407 2460 3490 sacr-isi,
2507 3427 2694 3494 quae

337 3513 627 3605 νηφάλια
673 3520 1124 3587 vocabantur
1168 3554 1249 3565 —
1293 3538 1440 3585 non
1485 3537 1770 3606 semper
1814 3518 2107 3585 eosdem
2136 3518 2455 3605 liquores
2486 3517 2694 3586 adhi-

338 3628 524 3698 bitos
587 3649 769 3711 esse3
845 3629 973 3696 sed
1029 3628 1625 3696 consuetudinem
1680 3629 1901 3697 aliam
1944 3629 2167 3696 fuisse
2214 3628 2375 3696 aliis
2419 3633 2695 3715 tempo-

514 3852 552 3915 ¹)
587 3850 825 3931 Euripid.
859 3850 1052 3904 Electr.
1091 3865 1167 3903 νε.
1203 3850 1300 3903 511
1341 3866 1454 3919 sqq.

511 3956 552 4020 2)
591 3952 859 4023 Sophoclis
896 3949 1091 4005 Electr.
1127 3968 1203 4005 νε.
1241 3950 1340 4004 887
1379 3967 1493 4020 sqq,

508 4056 551 4121 ³)
741 4055 938 4109 ibidem
1129 4070 1200 4107 νε.
1238 4054 1340 4107 405
1378 4069 1492 4123 sqq.
1530 4053 1630 4107 431
1672 4071 1788 4123 sqq.

513 4159 558 4221 ⁴)
594 4156 842 4225 Aeschyli
875 4156 1019 4210 Pers.
1057 4172 1131 4208 νε.
1169 4154 1269 4207 608
1306 4170 1420 4224 sqq.

517 4262 559 4324 ⁵)
597 4258 838 4329 Sophocl.
878 4258 1069 4311 Electr.
1107 4273 1182 4309 vs.
1217 4256 1316 4310 431
1358 4273 1470 4325 sqq.

512 4363 553 4427 ⁶)
589 4361 836 4429 Aeschyli
869 4362 1012 4414 Pers,
1052 4359 1152 4412 685
1189 4376 1300 4427 sqq.
