3317 5117
1607 444 2027 507 -68-

635 628 826 695 Ante
873 628 993 695 dei
1037 627 1512 695 simulacrum
1559 646 1690 693 ara
1734 631 2053 715 apparet,
2099 630 2176 695 in
2207 647 2348 708 qua
2378 626 2718 694 flammae
2749 628 2997 693 incene

637 758 761 806 sae
807 742 992 805 sunt.
1083 738 1242 805 Iam
1287 758 1458 805 vero
1516 737 1660 805 huc
1705 739 2063 825 pertinere
2106 741 2281 825 puto
2296 792 2311 820 ,
2374 737 2568 818 quod
2628 737 2999 823 depictum

635 850 968 917 videmus
1012 850 1085 915 in
1133 848 1278 915 alio
1323 849 1649 932 vasculo,
1708 849 1835 917 ubi
1878 849 2319 918 sacrificium
2362 848 2819 928 invenitur21)
2907 846 2997 914 In

639 980 723 1026 eo
771 963 896 1041 est,
943 963 1024 1025 ut
1067 959 1408 1026 sacerdos
1452 959 1876 1027 libationem
1920 960 2244 1027 effundat
2286 960 2362 1025 in
2401 978 2635 1040 aram3
2682 958 3001 1025 duorum

635 1071 1134 1137 ministrorum
1179 1070 1362 1136 alter
1403 1070 1598 1137 tibiis
1644 1071 1858 1153 canit,
1906 1070 2090 1137 alter
2130 1070 2418 1137 lancem
2446 1072 2772 1136 saturam
2809 1067 3001 1135 tollit

633 1180 1104 1261 hirneamque
1148 1199 1585 1267 propensam
1628 1184 1839 1247 tenet.
1918 1183 1986 1247 A
2019 1181 2277 1248 dextra
2316 1183 2523 1267 parte
2566 1179 2998 1246 adolescens

637 1294 797 1373 stat,
841 1290 991 1357 fere
1035 1293 1184 1357 toto
1229 1293 1517 1376 pectore
1560 1290 1857 1374 nudatO,
1906 1291 2126 1378 pallio
2172 1290 2489 1372 indutus,
2536 1290 2659 1371 qui
2702 1291 3000 1357 sinistra

635 1420 861 1469 manu
914 1402 1145 1469 laurei
1207 1420 1496 1467 ramum
1555 1404 1751 1468 tenet
1812 1421 1899 1469 ac
1963 1402 2221 1469 dextra
2279 1404 2607 1487 pateram
2668 1400 2995 1486 porrigit.

639 1510 841 1593 Quae
883 1511 1125 1597 figura
1167 1512 1323 1577 sine
1370 1511 1591 1578 dubio
1635 1511 2000 1598 Apollinis
2047 1512 2523 1579 simulacrum
2572 1509 2999 1578 habendum

637 1626 765 1706 est,
813 1623 931 1690 cui
971 1621 1055 1689 fit
1098 1621 1540 1689 sacrificium
1583 1642 1813 1702 neque
1858 1622 2326 1708 cogitandum
2363 1625 2491 1697 est,
2535 1621 2645 1689 illi
2671 1620 2999 1689 infusum

637 1752 793 1799 esse
837 1734 1109 1814 vinum,
1157 1732 1497 1813 quoniam
1541 1733 1870 1799 minister
1912 1732 2097 1799 nihil
2138 1733 2432 1819 respicit
2474 1732 2616 1799 nisi
2644 1732 3001 1799 caerimo-

637 1844 836 1910 niam
880 1842 1317 1925 religiosam,
1367 1842 1711 1909 sacerdos
1757 1844 2001 1909 autem
2042 1842 2465 1911 libationem
2504 1843 3002 1910 necessariam

635 1955 714 2021 in
737 1974 945 2021 aram
973 1952 1347 2040 profundit
1374 1973 1602 2034 neque
1633 1956 1758 2036 est,
1794 1974 1924 2021 cur
1954 1954 2142 2021 alius
2171 1954 2363 2021 libet.
2399 1989 2477 1999 -
2509 1952 2693 2019 Tum
2722 1952 3003 2020 addam

636 2064 1108 2146 vasculum,²)
1170 2064 1300 2131 ubi
1362 2063 1499 2130 dea
1543 2064 1740 2131 alata
1787 2068 1982 2131 veste
2030 2064 2302 2132 Dorica
2354 2064 2612 2131 induta
2654 2065 2732 2130 in
2773 2063 2999 2150 podio

638 2175 864 2258 sedet,
933 2176 1010 2241 in
1065 2193 1202 2256 quo
1256 2194 1558 2241 manum
1613 2175 1987 2242 sinistram
2030 2176 2361 2261 imponit,
2426 2175 2685 2242 dextra
2743 2177 3000 2241 tenens

635 2288 986 2373 pateram.
1076 2283 1213 2352 Oui
1266 2285 1444 2351 deae
1499 2285 2029 2371 appropinquat
2074 2285 2499 2353 adolescens
2541 2285 2811 2368 nuduS,
2876 2286 3003 2365 qui

638 2396 934 2463 sinistra
963 2398 1251 2462 scutum
1291 2394 1514 2462 habet
1543 2394 1842 2465 brachio
1888 2397 2131 2465 taenia
2170 2397 2431 2479 cincto,
2481 2395 2737 2463 dextra
2762 2396 3004 2463 laurei

636 2526 929 2574 ramum
971 2508 1183 2573 tenet.
1271 2504 1414 2573 Pro
1461 2509 1655 2574 certo
1702 2506 2124 2574 habendum
2167 2511 2299 2590 est,
2355 2506 2564 2574 illum
2618 2526 2695 2574 se
2747 2510 3003 2574 contu-

637 2616 808 2684 lisse
861 2618 936 2683 in
993 2616 1170 2683 deae
1213 2616 1565 2703 templum
1609 2618 1867 2685 taeniis
1922 2621 2285 2701 ornatum,
2349 2621 2430 2684 ut
2488 2619 2763 2703 gratias
2826 2621 3005 2703 agat

637 2728 943 2795 victoria
969 2729 1199 2813 parta.
1237 2763 1314 2773 —
1345 2725 1506 2794 Hoc
1537 2726 1700 2794 loco
1731 2727 2134 2795 recorderis
2166 2728 2373 2795 illam
2400 2731 2747 2814 pateram,
2780 2746 3003 2808 quam

638 2858 683 2905 a
741 2820 1226 2905 Phoenicibus
1283 2836 1554 2904 factam
1615 2856 1837 2923 supra
1903 2838 2111 2905 attuli
2130 2892 2146 2922 ,
2208 2839 2287 2905 in
2346 2858 2488 2920 qua
2542 2837 2719 2905 deae
2773 2838 3001 2905 simu-

637 2949 941 3032 lacrum,
987 2950 1154 3015 ante
1185 2947 1376 3029 quod
1421 2947 1765 3015 sacerdos
1795 2951 2147 3028 versatur,
2192 2952 2521 3035 pateram
2557 2949 2878 3035 porrigit.
2923 2984 2997 2993 -

637 3058 799 3126 Iam
847 3058 1109 3126 melius
1162 3058 1419 3125 eadem
1462 3077 1579 3125 res
1633 3059 2098 3143 cognoscitur
2140 3059 2217 3125 in
2260 3059 2385 3127 illo
2436 3059 2767 3145 sepulcro
2815 3059 3001 3127 anti-

639 3169 983 3251 quissimo
1005 3222 1020 3249 ,
1086 3168 1277 3249 quod
1319 3167 1601 3235 Xanthi
1659 3172 2025 3255 repertum
2089 3174 2214 3237 est.
2231 3170 2286 3253 3)
2374 3170 2515 3237 Eia
2576 3170 2716 3237 dea
2735 3224 2751 3253 ,
2816 3189 2998 3250 quae

639 3280 934 3346 sinistra
991 3281 1322 3365 pateram
1368 3281 1618 3345 tenens
1672 3279 1750 3345 in
1804 3280 1984 3347 solio
2030 3280 2259 3364 sedet,
2323 3280 2467 3349 huc
2513 3281 2778 3367 optime
2824 3300 2997 3361 qua—

641 3390 855 3457 drare
902 3389 1215 3471 videtum
1260 3389 1352 3456 de
1397 3410 1540 3471 qua
1572 3390 1656 3457 E.
1692 3388 1984 3458 Curtius
1999 3393 2047 3473 4)
2094 3392 2299 3460 dicit:
2345 3394 2447 3457 die
2490 3395 2626 3458 eine
2669 3394 2999 3475 empfh’nyt

639 3522 768 3565 nur
819 3497 1038 3581 Opfer‚
1081 3503 1196 3565 wie
1240 3502 1340 3565 die
1382 3508 1560 3567 stwrr
1604 3501 2035 3585 hinyehaltene
2080 3502 2304 3569 Schale
2348 3505 2647 3569 andeutet
2692 3556 2706 3569 .
2756 3557 2770 3570 .
2818 3554 2829 3566 .

810 3610 947 3676 His
998 3611 1516 3694 monumentiS,
1586 3611 1675 3677 de
1730 3612 1988 3692 quibus
2042 3614 2356 3682 breviter
2418 3614 2755 3697 disserui,
2819 3615 2997 3680 satis

641 3721 1124 3789 demonstrari
1167 3724 1360 3807 puto,
1409 3722 1746 3788 omnibus
1790 3724 2236 3810 temporibus
2268 3724 2571 3792 deorum
2600 3724 3000 3793 simulacra

637 3832 836 3918 picta
864 3849 1041 3914 esse,
1088 3851 1269 3911 quae
1298 3832 1636 3899 manibus
1668 3835 1957 3919 pateras
1988 3836 2368 3921 porrigunt
2394 3835 2675 3904 libandi
2712 3835 2997 3903 actione

639 3962 786 4009 non
814 3960 1084 4029 pressa.
1163 3938 1375 4021 Quod
1404 3945 1485 4007 ut
1525 3944 1970 4030 interpreter,
2018 3965 2105 4012 ea
2133 3947 2499 4032 respiciaS,
2546 3966 2727 4028 quae
2772 3966 2998 4032 supra

810 4148 851 4212 ¹)
887 4146 1029 4200 Elite
1066 4144 1138 4197 ΙΙ.
1175 4147 1251 4199 tb.
1289 4144 1423 4201 CVI.

811 4232 853 4295 2)
892 4230 1190 4301 Millingen:
1227 4232 1496 4300 peintures
1533 4232 1596 4285 de
1632 4249 1738 4285 vas.
1777 4250 1915 4301 grec.
1954 4236 2029 4287 tb.
2068 4236 2151 4287 47.

812 4316 856 4379 3)
889 4314 1160 4370 Archaeol.
1199 4316 1315 4384 Ztg.
1354 4314 1502 4368 ΧΙΙΙ.
1541 4316 1717 4382 (1855)
1754 4316 1831 4370 tb.
1872 4318 1916 4370 1.

811 4401 854 4459 ⁴)
891 4400 1088 4454 ibidem
1123 4418 1172 4471 p.
1212 4402 1261 4453 4.
