3317 5117
1547 422 1971 485 ...88-

578 597 696 667 δαί
748 606 818 670 et
873 592 1061 685 ὅρκος
1106 602 1223 671 vel
1270 599 1681 667 σπένδεσθαι
1698 653 1712 682 ,
1768 598 2064 681 σπονδὰς
2116 606 2475 669 ποιεῖσθαι
2525 609 2596 674 et
2648 592 2937 688 ὀμνύναι,

571 717 655 783 ut
695 713 904 781 Plato
952 711 1105 782 Civ.
1151 712 1246 781 Π.
1279 716 1403 781 379
1435 713 1527 781 E:
1575 715 1690 799 τὴν
1738 711 1807 777 δὲ
1850 714 1980 777 τῶν
2024 704 2229 797 ὅρκων
2272 712 2387 779 καὶ
2430 714 2742 781 σπονδῶν
2784 714 2940 799 σύγ·-

569 844 772 906 χυσιν.
851 822 954 894 cf.
987 823 1206 893 Thuc.
1239 824 1296 893 Ι.
1335 828 1474 891 146.
1550 824 1878 913 Euripid.
1912 825 2287 895 Phoeniss
2328 847 2433 894 vs.
2474 831 2663 895 1240:
2708 820 2941 890 ἐσπεί-

575 956 782 1001 σαντο
826 924 950 999 κάν
992 929 1406 1017 μεταιχμίοις
1459 923 1687 1017 ὅρκους
1731 946 2050 1021 συνῆψαν,
2138 936 2359 1005 Thuc.
2407 936 2494 1005 V,
2548 942 2654 1003 17:
2710 930 2941 1000 ἐσπεί-

574 1068 772 1111 σαντο
824 1044 995 1130 πρὸς
1045 1045 1195 1121 τοὺς
1241 1033 1646 1129 Ἀθηναίους
1700 1044 1817 1109 καὶ
1870 1036 2155 1127 ὤμοσαν.
2252 1046 2392 1115 His
2451 1046 2633 1116 locis
2694 1047 2939 1115 verbis

572 1158 752 1225 iuris
813 1156 1108 1225 iurandi
1173 1154 1443 1225 additis
1504 1177 1673 1225 mea
1733 1158 2028 1245 quidem
2080 1160 2435 1227 sententia
2485 1158 2943 1245 explicantur

576 1287 813 1336 voces:
879 1264 1324 1351 σπένδεσθαι,
1389 1262 1685 1344 σπονδὰς
1744 1269 2124 1333 ποιεῖσθαι.
2217 1267 2429 1349 Quod
2488 1269 2639 1337 iam
2701 1269 2940 1355 magis

571 1378 858 1447 firmari
909 1382 1082 1465 puto
1135 1376 1254 1447 his
1297 1379 1540 1447 verbis
1584 1378 1919 1447 Diodori:
1939 1379 1989 1464 ¹)
2052 1374 2167 1444 τὸν
2217 1375 2290 1443 δὲ
2334 1372 2661 1445 Διόνυσον
2711 1372 2939 1463 παρά-

572 1510 769 1574 γοντα
832 1477 996 1552 καθ’
1064 1485 1177 1551 ἕνα
1243 1488 1373 1551 τῶν
1433 1482 1866 1570 αἰχμαλώτων
1924 1486 2041 1554 καὶ
2102 1489 2371 1555 διδόντα
2417 1484 2709 1577 σπονδὴν
2759 1483 2940 1555 οἷ’νου

573 1591 837 1675 πάντας
880 1594 1237 1681 ἐξορκῶσαι
1283 1598 1735 1682 συστρατεύειν
1789 1590 2043 1677 ἀδόλως
2101 1598 2214 1665 καὶ
2262 1598 2449 1685 μέχρι
2491 1599 2788 1686 τελευτῆς
2826 1605 2939 1682 βε-

572 1705 784 1793 βαίως
812 1709 1349 1795 διαγωνιεῖσθαι·
1395 1704 1500 1776 διὸ
1531 1708 1648 1773 καὶ
1693 1711 1938 1775 τούτων
1966 1711 2409 1777 ὑποσπόνδων
2440 1700 2942 1794 ὀνομασθέντων

573 1822 724 1899 τοὺς
781 1817 1347 1906 μεταγενεστέρους
1411 1808 1991 1903 ἀπομιμουμένους
2050 1818 2135 1887 τὰ
2188 1822 2336 1888 τότε
2387 1818 2776 1906 πραχθέντα
2819 1816 2942 1899 τὰς

573 1930 641 1997 ἐν
700 1934 840 2010 τοῖς
899 1928 1219 2012 πολέμοις
1272 1931 1604 2009 διαλύσεις
1649 1928 1949 2010 σπονδὰς
1990 1933 2511 2018 προσαγορεύειν.
2599 1933 2940 2003 Dilucide

571 2042 690 2113 his
750 2044 994 2112 verbis
1058 2044 1623 2127 demonstratur,
1687 2044 2095 2113 Diodorum
2149 2045 2268 2114 vel
2316 2045 2514 2113 illius
2568 2047 2942 2112 auctorem

575 2160 768 2223 recte
815 2155 1152 2238 sensisse,
1218 2174 1473 2223 vocem
1516 2150 1823 2238 σπονδαί,
1885 2156 1964 2224 id
2018 2160 2143 2224 est:
2201 2150 2273 2219 αἱ
2318 2152 2388 2219 ἐν
2428 2158 2571 2233 τοῖς
2622 2152 2941 2235 πολέμοις

574 2257 933 2347 διαλύσεις,
997 2285 1088 2333 ex
1132 2266 1313 2332 iuris
1357 2266 1654 2333 iurandi
1706 2252 2055 2334 libatione
2109 2267 2409 2335 ductam
2461 2256 2634 2335 esse.
2726 2264 2939 2346 Quod

476 2456 481 2462 ,
573 2380 657 2444 ut
699 2376 1097 2463 explicetur
1139 2374 1392 2443 fabula
1433 2375 1564 2443 illa
1607 2376 1960 2444 bacchica
1995 2376 2313 2464 fingitur.
2389 2377 2547 2446 Iam
2576 2396 2750 2444 vero
2792 2375 2940 2443 alia

577 2485 852 2555 addam
887 2486 985 2554 ad
1013 2485 1205 2553 hanc
1237 2487 1671 2554 sententiam
1700 2488 2238 2556 instituendam.
2318 2487 2557 2576 Supra
2584 2486 2939 2555 intellexi-

572 2618 740 2667 mus
784 2595 1090 2665 Homeri
1134 2597 1582 2665 carminibus
1627 2599 2079 2680 examinatiS,
2124 2600 2201 2667 in
2238 2600 2393 2667 iure
2436 2597 2749 2667 iurando
2791 2617 2941 2665 non

576 2708 814 2776 solum
876 2708 1029 2774 vini
1089 2708 1512 2775 libationem
1575 2708 1897 2777 oblatam
1958 2728 2115 2777 esse
2179 2709 2333 2777 deis
2387 2709 2668 2796 superis
2726 2708 2941 2790 (θεοῖς

575 2813 1095 2904 αἰειγενέτῃσιν),
1141 2818 1272 2885 sed
1316 2818 1536 2885 etiam
1579 2820 1958 2904 sanguinis
2001 2819 2427 2887 libationem
2471 2819 2625 2887 deis
2668 2818 2938 2897 inferia

577 2948 759 3017 quos
820 2930 1002 2997 iuris
1064 2927 1360 2996 iurandi
1419 2930 1636 2996 testes
1700 2932 1771 2997 et
1827 2930 2155 2998 vindices
2222 2928 2486 2999 Graeci
2544 2929 2934 3015 fingebant.

575 3040 913 3109 Eandem
965 3039 1511 3121 caerimoniam,
1578 3039 1667 3107 de
1712 3044 2167 3108 mortuorum
2228 3040 2674 3129 heroumque
2738 3039 2939 3107 cultu

579 3152 707 3220 ubi
750 3151 1088 3231 disserui,
1145 3151 1454 3217 tractavi
1499 3154 1716 3237 atque
1763 3151 1958 3238 quod
2010 3151 2138 3219 illo
2183 3151 2343 3219 loco
2387 3150 2657 3239 protuli
2702 3151 2793 3219 de
2837 3147 2938 3213 ἐν-

577 3258 830 3343 τέμνειν
871 3261 1016 3329 11110
1061 3264 1386 3347 spectare
1430 3260 1695 3329 iudico,
1772 3259 1935 3341 Qua
1978 3281 2154 3329 voce
2199 3261 2634 3349 explicanda
2660 3264 2770 3329 est
2811 3261 2941 3328 illa

577 3372 845 3439 locutio
891 3361 1079 3453 ἕρκια
1127 3364 1339 3434 πιστὰ
1382 3366 1651 3451 τέμνειν.
1743 3370 1940 3439 Nam
1986 3391 2156 3451 cum
2197 3372 2446 3439 multis
2492 3372 2654 3439 aliis
2700 3371 2937 3455 rebus,

579 3500 763 3569 quas
809 3500 1033 3568 supra
1067 3482 1393 3565 tractavi,
1438 3485 1595 3550 tum
1625 3481 1767 3550 hac
1800 3502 2086 3570 quoque
2123 3502 2201 3551 re
2232 3482 2715 3550 demonstrari
2744 3486 2938 3568 puto,

578 3594 655 3660 in
700 3592 857 3659 iure
900 3593 1211 3660 iurando
1258 3593 1633 3660 victimam
1676 3612 1821 3660 non
1868 3612 2024 3660 esse
2052 3592 2524 3675 immolatam,
2570 3591 2701 3686 sed
2728 3593 2941 3677 iugu-

578 3703 827 3786 latam,
872 3707 954 3769 ut
998 3704 1375 3787 sanguinis
1419 3702 1671 3771 libatio
1716 3704 2036 3790 primum
2081 3706 2355 3771 teneret
2394 3703 2656 3771 locum.
2673 3701 2723 3785 ²)
2794 3702 2941 3770 Ita-

581 3834 722 3902 que
751 3833 897 3881 non
929 3814 1200 3881 mirum
1229 3815 1356 3895 est,
1398 3812 1593 3899 quod
1623 3814 1990 3880 invenitur
2020 3807 2313 3889 σπονδᾶς
2340 3809 2651 3897 τέμνειν3)
2684 3812 2941 3880 eodem

581 3944 801 3993 sensu
820 3979 836 4007 ,
899 3944 1042 4011 quo
1111 3912 1300 4006 ὅρκια
1364 3920 1630 4004 τέμνειν.
1722 3922 1917 3989 Nam
1972 3925 2308 4011 antiquos
2352 3923 2492 3993 hac
2538 3924 2941 3992 elocutione

767 4174 781 4204 ¹
841 4169 936 4222 ΙΙΙ.
974 4172 1056 4223 71.
1091 4171 1174 4223 42.

753 4172 804 4334 ἦ)
829 4272 904 4327 Cf.
943 4289 1076 4342 quae
1110 4286 1271 4342 supra
1305 4270 1519 4341 exposui
1555 4271 1618 4324 de
1653 4271 1783 4324 iuris
1820 4272 2030 4325 iurandi
2066 4272 2331 4327 libatione.

753 4374 798 4437 ³)
833 4374 1068 4444 Euripid.
1106 4374 1288 4428 Helen.
1328 4390 1401 4426 vs.
1442 4373 1587 4427 1235.
1651 4372 1727 4427 Cf.
1762 4373 1935 4429 Diels:
1972 4373 2344 4444 Sibyllinische
2379 4374 2589 4429 Blatter
2624 4391 2674 4445 p.
2716 4374 2797 4427 72.
