3317 5117
1603 429 2030 491 ...20—

637 614 971 699 pitiorem
1022 613 1204 695 fore,
1267 613 1480 680 facile
1533 613 2016 681 demonstrari
2067 616 2318 698 potest.
2409 612 2490 679 E.
2537 632 2603 695 g.
2654 612 2737 678 cf.
2784 612 3003 679 Euri-

636 724 827 809 pidis
872 723 1138 792 Bacch.
1186 744 1292 791 vs,
1337 728 1420 791 45
1467 744 1578 810 sq3
1632 724 1762 792 ubi
1806 722 2140 791 Bacchus
2188 724 2387 790 dicit:

815 840 887 928 ὃς
932 852 1054 934 (sc.
1087 849 1415 935 Πένθευς)
1448 854 1762 933 θεομαχεῖ
1794 847 1869 916 τὸ
1910 839 2059 914 κατ’
2108 848 2222 932 ἐμὲ
2268 848 2381 913 καὶ
2428 851 2730 915 σπονδῶν
2774 841 2914 913 ἄπο

809 953 979 1027 ὠθεῖ
1021 952 1094 1043 μ>
1145 960 1211 1027 ἑν
1254 962 1470 1042 εὐχαῖς
1511 952 1869 1044 τὀὗδαμοῦ
1912 958 2139 1043 μνείαν
2181 957 2328 1042 ἔχει.

807 1092 891 1158 In
940 1092 1276 1160 omnibus
1320 1093 1560 1175 rebuS,
1607 1112 1795 1179 quae
1835 1091 2284 1177 periculosae
2315 1091 2768 1173 videbantur,
2812 1090 2998 1158 liba-

637 1203 956 1271 tionibus
1000 1203 1679 1290 precationibusque
1712 1223 1755 1269 a
1797 1203 1930 1270 deo
1976 1204 2315 1288 petebant
2360 1200 2641 1285 Graeci,
2688 1206 2770 1269 ut
2812 1223 3002 1289 quae

635 1314 875 1381 facere
935 1314 1408 1382 instituebant
1474 1314 1659 1381 bene
1723 1317 2049 1381 verteret.
2156 1314 2397 1399 Atque
2459 1314 2776 1381 maxime
2832 1334 3003 1381 cum

636 1426 772 1491 iter
817 1427 1023 1492 erant
1063 1424 1328 1492 facturi
1360 1425 1455 1491 ad
1485 1424 1761 1492 bellum
1792 1424 1909 1491 vel
1948 1424 2150 1492 aliud
2180 1425 2741 1512 suscipiendum,
2786 1445 2997 1491 num-

637 1554 858 1621 quam
905 1535 1110 1603 obliti
1154 1540 1322 1602 sunt
1363 1536 1752 1603 libationis,
1842 1536 2082 1621 Atque
2126 1536 2463 1621 exempla
2505 1535 2726 1602 habet
2768 1534 3005 1601 multa

634 1644 1028 1714 Homerus:
1091 1644 1389 1729 Hector,
1453 1650 1839 1733 postquam
1891 1648 2078 1713 inter
2129 1664 2454 1733 pugnam
2499 1648 2574 1713 in
2619 1647 2877 1713 urbem
2922 1665 3003 1711 se

638 1758 941 1825 contulit
979 1757 1403 1825 libationem
1449 1757 1753 1824 effundit
1790 1758 1839 1825 J
1842 1759 1961 1824 ovi
2006 1757 2311 1844 aliisque
2362 1758 2536 1840 deis,
2584 1762 2664 1824 ut
2704 1758 3003 1825 illorum

635 1869 861 1937 tutela
901 1868 1187 1935 fruatur
1229 1867 1589 1955 proelium
1628 1869 1893 1935 iterum
1936 1870 2327 1953 ingressus,
2354 1870 2400 1951 1)
2472 1869 2752 1936 Eodem
2780 1869 3005 1935 modo

635 1978 959 2047 Achilles
1003 1980 1244 2047 libans
1290 2000 1335 2046 a
1376 1980 1560 2047 Jove
1605 1980 1800 2066 petit,
1845 1983 1925 2045 ut
1968 1979 2349 2046 Patroclus
2396 1980 2626 2046 victor
2670 2002 2709 2046 e
2752 1998 3004 2066 pugna

637 2090 982 2159 discedat.
1005 2092 1055 2173 2)
1130 2091 1298 2157 Alio
1330 2091 1490 2158 loco
1505 2092 1555 2172 3)
1599 2091 1932 2175 legimus
1980 2111 2025 2156 a
2057 2088 2505 2158 Graecorum
2548 2092 3005 2176 principibus

636 2202 937 2269 consilio
986 2204 1194 2288 capto
1261 2202 1349 2269 de
1394 2202 1653 2285 legatis
1708 2201 1803 2267 ad
1848 2200 2213 2267 Achillem
2264 2201 2635 2269 mittendis
2679 2202 2755 2267 in
2799 2203 2998 2285 Aga-

637 2312 1043 2379 memnonis
1087 2313 1394 2379 tentorio
1423 2312 1472 2379 J
1475 2312 1593 2377 ovi
1635 2311 2063 2379 libationem
2093 2311 2353 2394 offerri,
2401 2314 2480 2378 ut
2510 2314 2754 2378 omnia
2794 2332 3003 2399 pros-

637 2444 806 2507 pere
867 2421 1284 2509 procedant.
1371 2420 1624 2488 Latius
1678 2426 1889 2509 poeta
1944 2421 2319 2505 describit,
2384 2422 2747 2509 quomodo
2792 2420 3001 2489 Pria-

636 2553 820 2615 muS‚
869 2552 1037 2599 cum
1064 2533 1141 2598 in
1171 2553 1255 2599 eo
1287 2536 1412 2615 est,
1459 2536 1539 2598 ut
1569 2532 1665 2599 ad
1695 2532 2061 2599 Achillem
2091 2552 2167 2599 se
2198 2532 2537 2614 conferat,
2578 2532 2999 2601 libationem

638 2646 730 2712 ab
793 2663 1022 2710 uxore
1085 2646 1419 2728 paratam
1469 2643 1518 2709 J
1521 2644 1640 2709 ovi
1702 2643 2110 2724 effundat.⁴)
2208 2642 2462 2729 Neque
2524 2642 3003 2710 Telemachus

639 2775 870 2841 neque
914 2752 1166 2821 Ulixes
1220 2773 1544 2840 unquam
1595 2753 1962 2821 libationis
2017 2754 2570 2837 obliviscuntur,
2626 2774 2793 2821 cum
2834 2753 3005 2821 vela

636 2868 713 2933 in
759 2866 990 2932 altum
1035 2865 1229 2932 dant.
1254 2864 1304 2947 ⁵)
1388 2862 1534 2933 Sed
1578 2884 1727 2931 non
1771 2864 2007 2931 solum
2052 2863 2355 2931 Homeri
2400 2865 2787 2947 carminass)
2832 2884 3004 2952 sup-

637 2977 991 3063 peditant3
1037 2975 1185 3042 alia
1226 2977 1558 3061 petamus
1603 2974 1953 3061 exempla.
2044 2973 2524 3041 Athenienses
2578 2978 2658 3041 ut
2708 2975 3007 3061 propitii

637 3088 782 3155 sint
827 3107 871 3153 a
915 3086 1070 3153 deis
1114 3088 1366 3171 petunt
1407 3086 1486 3152 in
1529 3084 2041 3171 Aristophanis
2087 3085 2255 3153 Pac.
2301 3105 2406 3151 vs.
2455 3088 2577 3152 431
2627 3105 2808 3172 sqq:

949 3204 1064 3297 ἷὶγε
1108 3207 1188 3299 δὴ
1234 3207 1314 3276 σύ
1357 3209 1602 3291 ταχέως
1645 3202 1840 3293 ὕπεχε
1881 3208 1998 3297 τὴν
2042 3206 2305 3299 φιάλην,
2355 3202 2536 3288 ὅπως

947 3320 1106 3409 ἔργῳ
1147 3311 1549 3409 'ommium
1596 3311 1929 3404 εὐξάμενοι
1976 3325 2189 3386 τοῖσιν
2232 3326 2421 3398 θεοῖς

949 3428 1202 3519 σπονδὴ
1248 3426 1530 3518 σπονδή·
1665 3421 2026 3519 εὐφημεῖτε,
2072 3422 2415 3520 εὖφημεῖτε

950 3542 1332 3620 σπένδοντες
1374 3532 1739 3623 εὐχόμεσθα
1783 3538 1900 3628 τὴν
1944 3544 2051 3606 νῦν
2093 3533 2337 3628 ἡμέραν

935 3646 1241 3741 (Ἕλλησιν
1287 3644 1482 3738 ἔρξαι
1527 3655 1704 3718 πᾶσι
1750 3654 2015 3718 πολλῶν
2062 3643 2343 3739 ἀγαθῶν
2392 3709 2660 3721 .....

819 3890 857 3956 ¹)
891 3888 961 3941 Jl.
999 3888 1056 3941 Ζ.
1091 3902 1168 3939 vs.
1205 3886 1321 3939 259.
1359 3902 1472 3955 sqq.

816 3993 858 4055 2)
893 3990 968 4043 Jl.
1008 3991 1075 4043 Σ.
1113 4005 1217 4042 vss.
1253 3988 1542 4042 221—231.

813 4094 856 4159 ³)
893 4092 964 4147 Jl.
1003 4094 1043 4143 I.
1085 4108 1160 4144 VS.
1203 4091 1297 4144 177
1335 4108 1451 4161 sqq.

816 4196 857 4261 ⁴)
894 4195 966 4249 Jl.
1003 4195 1077 4249 Ω.
1115 4210 1217 4246 vss.
1253 4192 1542 4246 285-306.

817 4301 856 4364 ⁵)
894 4296 973 4352 Cf.
1009 4295 1108 4351 Od.
1144 4298 1196 4366 β.
1233 4312 1308 4349 vs.
1343 4296 1462 4349 432.
1501 4313 1545 4348 v.
1582 4296 1665 4348 39.
1708 4314 1757 4348 ο.
1798 4296 1909 4350 149.
1948 4296 2065 4350 258.

818 4403 858 4466 ⁴³)
898 4398 977 4452 cf.
1014 4397 1310 4451 Bernhardi
1345 4396 1381 4451 l.
1419 4415 1460 4451 c.
1497 4415 1546 4467 p.
1585 4398 1616 4448 6
1654 4413 1769 4465 sqq.
