3317 5117
1591 439 2016 503 -80-

627 624 838 705 Quod
890 628 971 691 ut
1019 624 1278 691 melius
1334 628 1842 709 cognoscatur,
1906 625 2125 691 etiam
2180 624 2307 690 alii
2349 623 2494 691 loci
2538 624 2780 691 afferri
2822 643 2990 709 pos-

627 739 822 816 sunt:
899 738 976 801 ut
1021 734 1430 805 Scholiasta
1475 734 1571 801 ad
1614 735 1864 821 Eurip.
1914 733 2139 801 Orest.
2194 754 2292 801 vs.
2348 738 2530 815 1187,
2595 734 2725 802 ubi
2776 738 2990 821 poeta

628 846 804 913 dicit
864 845 954 912 de
997 844 1307 928 Helena,
1372 865 1558 932 quae
1612 846 2174 932 appropinquat:
2235 839 2396 923 χοᾶς
2454 832 2985 909 κατασπείσουσ’

626 954 791 1039 ὑπὲρ
834 955 1077 1042 μητρὸς
1118 952 1310 1039 τάφῳ
1363 955 1545 1023 haee
1599 955 1925 1023 adnotat:
1984 943 2287 1040 ἀπῆλθεν
2330 950 2425 1032 εἰς
2466 954 2580 1018 τὸν
2621 948 2835 1041 τάφον
2877 957 2994 1041 τῆς

625 1066 1218 1152 Κλυταιμνήστρας,
1265 1055 1452 1141 ὅπως
1498 1063 1665 1152 αὐτῇ
1709 1060 1953 1151 σπείσῃ
1998 1062 2327 1147 εὐμένειαν
2368 1066 2539 1149 πρὸς
2575 1054 2831 1153 Ἑλένην
2873 1064 2989 1129 καί

635 1176 967 1243 Μενέλαον
1012 1172 1191 1256 ἔχειν.
1269 1175 1647 1263 Sophoclis
1698 1176 1957 1245 Electr.
2004 1197 2109 1243 vs.
2144 1180 2227 1245 82
2260 1197 2415 1265 sqq.
2462 1178 2732 1245 similia
2765 1179 2992 1263 signi-

627 1289 876 1356 ficant:

1117 1394 1319 1483 μηδὲν
1361 1396 1679 1480 πρόσθεν,
1727 1388 1770 1482 ἢ
1812 1392 1896 1461 τά
1944 1394 2203 1476 Λοξίου

1037 1496 1405 1592 πειρώμεθ’
1454 1503 1680 1593 ἔρδειν,
1726 1499 1907 1572 κάπὸ
1952 1498 2141 1574 τῶνδ’
2194 1497 2577 1594 ἀρχηγετεῖν,

1037 1614 1292 1702 πατρὸς
1332 1616 1588 1698 χέοντος
1634 1613 1892 1703 λουτρά.
1938 1630 2153 1685 ταῦτα
2197 1614 2319 1704 γὰρ
2364 1617 2547 1706 φέρει

1037 1723 1219 1816 νικήν
1246 1720 1309 1793 τ’
1345 1718 1453 1816 ἐφ’
1489 1719 1646 1815 ἡμῖν
1689 1727 1805 1793 καὶ
1850 1724 2087 1815 κράτος
2129 1731 2256 1794 τῶν
2298 1728 2661 1816 δρωμένων.

798 1866 935 1935 His
968 1868 1298 1935 versibus
1335 1867 1661 1935 dilucide
1706 1868 2004 1954 probari
2033 1888 2311 1951 cense0,
2358 1867 2614 1935 eadem
2644 1888 2734 1935 ex
2766 1887 2993 1935 causa

627 1979 933 2046 mortuis
978 1978 1246 2045 libasse
1294 1976 1642 2063 GraecOS,
1694 1998 1841 2064 qua
1885 1978 2038 2045 deis
2085 1979 2393 2066 superis,
2450 1998 2495 2045 a
2538 1978 2801 2065 quibus
2846 1977 2989 2045 hac

627 2110 706 2157 re
753 2088 1112 2171 differunt,
1160 2088 1357 2175 quod
1399 2107 1651 2155 manes
1697 2088 2115 2156 hominibus
2157 2109 2306 2155 non
2351 2092 2504 2156 tam
2547 2090 2741 2155 bona
2781 2109 2988 2175 prae-

625 2202 818 2282 bere,
866 2219 1087 2286 quam
1116 2198 1314 2265 mala
1342 2199 1622 2265 mittere
1654 2197 1956 2266 Graecis
1985 2198 2439 2266 videbantur.
2516 2197 2661 2266 Sed
2688 2200 2767 2265 in
2796 2219 2989 2266 mor-

629 2314 923 2377 tuorum
967 2308 1435 2377 libationibus
1481 2309 1699 2375 etiam
1748 2308 1948 2375 aliud
1989 2308 2308 2391 infuisse,
2355 2330 2445 2376 ex
2482 2308 2611 2375 illa
2638 2329 2817 2376 voce
2864 2329 2991 2396 ap-

629 2421 860 2506 paret,
918 2438 1102 2505 quae
1157 2438 1369 2505 saepe
1425 2417 1840 2486 adhibetur:
1888 2412 2145 2502 λουτρά.
2234 2419 2344 2486 De
2389 2440 2536 2506 qua
2580 2418 2991 2487 Scholiasta

631 2529 728 2596 ad
773 2527 1106 2615 Sophocl.
1155 2528 1415 2597 Electr.
1449 2549 1551 2596 VS.
1589 2532 1690 2596 84.
1724 2529 1865 2598 hoc
1900 2530 2213 2597 disserit:
2261 2524 2517 2614 πατρὸς
2540 2526 2796 2609 χέοντος
2840 2529 2986 2594 λου-

627 2632 1170 2724 τρά]σ7τένὸοντες
1197 2640 1290 2722 τῷ
1333 2634 1558 2724 πατρί,
1605 2635 1725 2717 τὰς
1768 2642 1883 2704 τοῦ
1912 2636 2167 2723 πατρὸς
2206 2635 2365 2721 χοὰς
2405 2640 2754 2719 τελοῦντες,
2810 2639 2988 2706 διότι

633 2745 703 2813 αἱ
749 2745 997 2814 θυσίαι
1042 2744 1113 2813 αἱ
1161 2744 1326 2832 πρὸς
1368 2744 1609 2814 ἐκεῖνον
1636 2747 1757 2814 ἐπὶ
1786 2751 1966 2835 καλῷ
2011 2746 2257 2814 ἑαυτῶν
2286 2751 2677 2838 γενήσεσθαι
2707 2746 2986 2833 ἔμελλον,

629 2855 745 2925 διά
792 2861 984 2926 τοῦτο
1027 2855 1264 2945 λουτρά
1308 2860 1552 2937 ταύτας
1593 2861 1799 2941 καλεῖ,
1845 2851 1934 2935 ὡς
1978 2855 2322 2945 καθάρσια
2354 2864 2471 2927 τοῦ
2512 2856 2902 2945 μιάσματος,
2951 2852 2989 2927 ὃ

629 2967 891 3055 ἔμελλον
935 2971 1349 3058 κτήσασθαι,
1395 2966 1454 3035 εἰ
1497 2972 2083 3059 Κλυταιμνήστραν
2126 2971 2243 3037 καὶ
2285 2968 2637 3057 Αἴγισθον
2682 2962 2987 3042 ἀνέλοιεν.

628 3084 716 3169 μὴ
760 3077 885 3168 γάρ
931 3072 1033 3147 ὅτι
1067 3070 1141 3145 οὗ
1169 3076 1422 3147 δίκαιοι
1467 3067 1634 3166 ἦσαν
1679 3068 1858 3147 οὗτοι
1898 3076 2230 3167 τεθνάναι,
2277 3073 2423 3148 ἀλλ’
2471 3074 2579 3149 ὅτι
2609 3085 2749 3162 πᾶς
2792 3078 2994 3167 φόνος

628 3186 893 3275 μίασμά
937 3190 1129 3257 ἐστιν.
1217 3193 1440 3261 Recte
1502 3193 1779 3261 iudicat
1840 3194 2260 3279 scholiasta,
2323 3189 2560 3278 λουτρά
2612 3196 2835 3264 fuisse
2880 3197 2992 3263 lu-

632 3308 889 3387 strum,
954 3324 1095 3391 quo
1140 3305 1223 3387 iS,
1288 3305 1415 3391 qui
1466 3303 1785 3391 pollutus
1831 3308 1968 3387 est,
2031 3307 2243 3391 quasi
2295 3306 2553 3373 balneo
2606 3309 2991 3393 purgatur:

633 3418 707 3481 at
750 3434 993 3481 errare
1039 3434 1205 3481 eum
1236 3434 1514 3497 cense0,
1561 3435 1729 3482 cum
1762 3414 1897 3482 hoc
1931 3415 2132 3483 ducit
2176 3416 2271 3483 ad
2303 3415 2632 3484 Orestem
2676 3421 2746 3484 et
2781 3417 2992 3485 Elec-

632 3528 840 3592 tram.
916 3524 1172 3610 Neque
1205 3526 1399 3593 enim
1430 3525 1569 3592 sibi
1597 3524 1914 3592 fundunt
1942 3519 2207 3609 λουτρά,
2241 3527 2370 3595 sed
2398 3528 2606 3614 patri,
2639 3528 2763 3614 qui
2794 3528 2994 3614 quod

629 3635 1046 3704 interfectus
1091 3639 1223 3719 est,
1271 3636 1577 3703 maculis
1623 3655 1962 3722 aspersus
2017 3639 2141 3703 est.
2188 3674 2271 3683 —
2485 3637 2745 3704 Exstat
2784 3638 2991 3706 locus

633 3747 917 3831 dignus,
965 3746 1091 3831 qui
1121 3747 1529 3813 accuratius
1568 3750 1940 3815 tractetur:
1987 3746 2423 3815 Plutarchus
2462 3750 2655 3816 enim
2703 3749 2792 3816 de
2822 3748 2992 3816 Pla-

630 3857 1032 3925 taeensium
1077 3876 1277 3923 more
1340 3857 1657 3944 quodam
1720 3857 1903 3924 haec
1966 3858 2113 3925 fere
2160 3858 2467 3940 refert¹):
2530 3858 2618 3926 In
2664 3860 2991 3945 singulos

632 3987 861 4034 annos
904 3987 1174 4054 pompa
1224 3966 1306 4033 fit
1357 3968 1452 4034 ad
1498 3968 1833 4053 sepulcra
1876 3990 2155 4051 eorum,
2211 3971 2336 4056 qui
2381 3970 2577 4057 apud
2619 3969 2991 4037 Maratho-

631 4100 794 4146 nem
809 4080 858 4160 2)
904 4098 1036 4165 pro
1090 4079 1330 4164 patria
1391 4079 1612 4146 occisi
1679 4083 1909 4145 erant:
1985 4082 2376 4165 προηγεῖται
2436 4077 2555 4162 μὲν
2608 4068 2726 4161 ἅμ’
2783 4069 2991 4166 ἡμέρᾳ

807 4291 845 4356 ¹)
882 4289 961 4346 cf.
998 4291 1382 4359 Furtwiingler:
1442 4290 1654 4345 Einleit.
1696 4309 1737 4344 z.
1779 4289 1991 4344 Samml.
2032 4292 2153 4346 Sab.
2192 4311 2242 4362 p.
2280 4294 2361 4346 21.

807 4394 848 4458 ²)
885 4393 1105 4447 Aristid.
1145 4410 1255 4463 cap.
1293 4394 1376 4447 21.
