3317 5117
1274 407 1696 469 ...31-

718 581 1018 652 θιῗουσαν
1052 588 1267 653 Αἴδου
1312 577 1533 675 λῄτορ)
1587 579 1920 652 ἄσπονδον
1968 578 2023 650 c'
2064 579 2229 674 ’Ἀρη

723 695 946 783 φίλοις
987 696 1330 765 πνέουσαν.

475 828 700 894 Poeta
749 828 1071 915 loquitur
1125 828 1213 895 de
1268 826 1502 895 Marte
1557 828 1839 895 crudeli
1902 830 1970 894 et
2018 827 2487 909 inexorabili,
2552 829 2669 893 cui

301 940 686 1007 libationes
733 938 976 1005 offerri
1020 942 1316 1005 constat.
1348 938 1395 1021 ¹)
1481 938 1761 1006 Eodem
1816 939 2035 1005 modo
2088 958 2203 1005 res
2249 957 2404 1005 sese
2448 937 2669 1004 habet

301 1052 379 1117 in
425 1049 798 1135 Euripidis
841 1049 997 1115 Alc.
1047 1069 1151 1115 vs.
1199 1053 1354 1130 4243
1399 1050 1527 1116 ubi
1570 1052 1784 1135 poeta
1826 1048 2044 1116 refert
2088 1048 2179 1115 de
2224 1048 2359 1115 deo
2406 1048 2663 1115 infero:

717 1164 867 1239 ἀλλ’
919 1170 1203 1261 ἐκφορὰν
1249 1172 1369 1259 γὰρ
1414 1176 1600 1240 void&
1642 1169 1949 1262 θήσομαι
1995 1177 2215 1258 νεκροῦ

713 1281 998 1368 πάρεστε
1042 1284 1158 1351 καὶ
1201 1285 1501 1368 μένοντες
1546 1275 1945 1373 ἆντηχήσατε

713 1398 978 1461 παιᾶνα
1024 1399 1118 1483 τῷ
1161 1392 1466 1463 κάτωθεν
1511 1388 1822 1482 ἆσπόνδῳ
1869 1398 2026 1482 θεῷ.

338 1557 367 1565 »-
473 1524 669 1592 Nam
731 1526 1026 1594 Plutoni
1086 1526 1467 1595 libationes
1540 1528 1770 1595 factas
1835 1548 1991 1595 esse
2057 1547 2222 1594 cum
2279 1527 2439 1594 aliis
2494 1527 2672 1593 locis

299 1641 460 1703 tum
504 1636 877 1723 Euripidis
928 1639 1255 1706 versibus
1271 1640 1320 1719 ²)
1367 1640 1745 1724 probatur:

844 1761 950 1828 σοὶ
995 1766 1090 1849 τῷ
1132 1759 1403 1828 πάντων
1445 1763 1738 1846 μεδέοντι
1781 1760 1935 1851 χοὴν

841 1872 1126 1939 πέλανον
1167 1898 1237 1939 τε
1281 1873 1476 1961 φέρω,
1523 1877 1685 1953 Ζεὺς
1731 1868 1850 1940 εἴτ’
1902 1877 2126 1962 Λῖδης

845 1974 1311 2068 ὀνομαζόμενος
1357 1985 1640 2071 στέργεις
1688 2043 2088 2054 .......

478 2112 893 2199 Sequuntur
937 2115 1181 2199 verba,
1230 2117 1493 2201 quibus
1527 2136 1572 2182 a
1603 2117 1737 2183 deo
1779 2117 2063 2202 petitur,
2109 2120 2189 2181 ut
2218 2118 2671 2182 mortuorum

302 2225 590 2290 animas
636 2224 733 2291 ad
775 2224 1016 2291 lucem
1061 2227 1314 2292 mittat.
1392 2226 1552 2293 Iam
1596 2248 1770 2295 vero
1818 2228 2005 2293 alius
2050 2226 2422 2313 Euripidis
2466 2226 2670 2292 locus

304 2334 622 2417 accedit,
689 2354 830 2420 quo
897 2334 1468 2419 demonstratur,
1545 2342 1835 2422 poetam
1895 2338 2034 2405 hac
2100 2358 2274 2403 voce
2339 2326 2671 2410 ἄσπονδος

303 2444 561 2511 eodem
605 2445 825 2512 modo
871 2465 1087 2511 usum
1133 2466 1288 2513 esse
1333 2446 1595 2515 Electr.
1647 2468 1747 2514 vs.
1800 2452 1951 2515 905:

711 2559 847 2655 λέγ’
897 2566 963 2635 εἴ
999 2596 1063 2635 τι
1107 2567 1374 2659 χρῄζεις,
1421 2568 1712 2658 σύγγον’·
1762 2564 2159 2639 ἀσπόνδοισι
2208 2569 2329 2658 γάρ

707 2676 1005 2762 νόμοισιν
1049 2678 1294 2768 ἔχθραν
1344 2685 1502 2769 τῷδε
1546 2680 2096 2771 σι·μβε[>’λήκαμεν.
2114 2688 2161 2768 3)

475 2810 745 2893 Restat,
792 2815 873 2877 ut
917 2833 1152 2899 pauca
1199 2814 1469 2881 addam
1503 2815 1592 2882 de
1624 2815 2004 2901 Sophoclis
2044 2815 2477 2882 scholiastae
2508 2814 2667 2881 loco

303 2923 418 2989 ad.
471 2920 644 2987 Oed.
681 2920 829 2987 Col.
864 2943 967 2989 vs.
1007 2928 1144 2990 100.
1238 2924 1434 2991 Nam
1477 2930 1864 3012 postquam
1910 2926 1999 2993 de
2044 2927 2132 2993 iis
2176 2925 2666 3005 libationibus,

300 3052 487 3118 quas
533 3026 826 3116 νηφάλια
875 3038 1138 3103 vocant
1185 3033 1448 3102 Graeci
1489 3036 1857 3118 disseruit,
1904 3030 2032 3099 εἶσὶ
2077 3033 2151 3099 δέ
2184 3058 2367 3111 τινες,
2414 3035 2665 3120 inquit,

303 3134 632 3207 ἄσπονδοι
684 3139 926 3207 θυσίαι
980 3141 1151 3207 κατὰ
1207 3139 1396 3231 τύχην
1448 3140 1546 3221 εἷς
1596 3142 1758 3223 ἔθος
1809 3146 2285 3230 προελθοῦσαι.
2388 3145 2665 3226 Quibus

302 3254 394 3321 de
423 3255 668 3321 verbis
700 3254 993 3340 Stengel
1022 3256 1369 3339 iudicat,⁴)
1418 3251 1587 3319 κατὰ
1632 3250 1825 3342 τύχην
1866 3278 2015 3325 non
2061 3278 2216 3325 esse
2259 3257 2665 3342 intelligen-

301 3366 480 3431 dum
551 3366 822 3450 zufdlliy
897 3367 1022 3432 sed
1093 3374 1280 3432 anter
1347 3372 1651 3451 yewissen
1740 3370 2130 3435 Umstc'inden
2151 3423 2165 3452 ‚
2254 3370 2664 3455 oppositum

303 3477 468 3542 voci
511 3470 681 3538 κατὰ
743 3470 952 3555 νόμον.
1046 3476 1254 3557 Quod
1312 3479 1651 3547 sacrificii
1699 3499 1927 3563 genus
1973 3480 2069 3547 ad
2114 3481 2406 3565 piacula
2449 3480 2667 3548 refert

302 3586 422 3653 ille
484 3608 546 3651 v.
612 3587 699 3669 d.‚
764 3587 840 3654 id
903 3588 1100 3674 quod
1160 3609 1306 3654 non
1369 3589 1528 3656 fieri
1589 3610 1800 3675 posse
1862 3610 2084 3677 supra
2150 3591 2659 3674 demonstravi.

301 3694 498 3775 Quid
550 3697 775 3763 velint
830 3696 1262 3765 scholiastae
1310 3701 1560 3782 verba,
1627 3703 1939 3767 statuere
1994 3722 2141 3767 non
2187 3703 2451 3783 ausim3
2525 3701 2663 3769 hoc

305 3810 547 3873 autem
591 3809 986 3875 tenendum
1032 3829 1187 3876 esse
1235 3830 1510 3892 cense0‚
1559 3811 1688 3877 illa
1732 3816 2055 3897 spectare
2094 3813 2188 3880 ad
2220 3814 2665 3898 singularem

301 3918 676 4003 quendam
721 3938 990 3985 casum.

479 4116 516 4179 ¹)
554 4113 632 4168 Cf.
671 4112 798 4166 Eur.
837 4112 1030 4167 Phoen.
1071 4131 1142 4168 vs,
1181 4116 1282 4169 933
1320 4133 1432 4185 sqq.

474 4201 516 4265 ²)
552 4199 662 4253 Inc.
698 4200 802 4252 fab.
841 4201 903 4251 fr.
941 4200 1041 4252 912
1078 4201 1217 4270 apud
1254 4200 1578 4256 Nauckium:
1617 4204 1805 4271 fragm.
1842 4208 1980 4271 trag.
2017 4206 2122 4271 gr.'-'
2157 4222 2209 4273 p.
2246 4206 2363 4257 655.

473 4284 515 4346 ³)
554 4283 629 4339 Cf.
668 4285 809 4338 Plut.
847 4285 1032 4339 Pericl.
1070 4286 1151 4339 30.
1190 4285 1352 4339 Thuc.
1389 4288 1486 4341 III.
1527 4289 1638 4341 111.
1682 4289 1888 4342 113—1.
1926 4290 2010 4342 57.
2047 4289 2319 4343 Demosth.
2360 4291 2438 4355 18,
2476 4291 2592 4343 232.

491 4371 526 4432 1)
563 4370 785 4423 Hermes
822 4370 992 4423 XXII.
1031 4388 1081 4441 p.
1121 4372 1371 4425 645—48.
