3317 5117
1300 438 1725 504 ..37-

334 626 736 689 Eumeniden
754 676 769 705 ,
819 625 987 689 Ares
1005 675 1020 705 ‚
1079 624 1312 689 Musen
1363 626 1497 689 und
1547 624 1888 707 Nymphen
1940 624 2367 706 daryebracht.
2459 620 2697 702 Quam

338 736 767 801 sententiam
827 733 972 800 illis
1035 733 1498 819 Empedoclis
1561 734 1805 800 verbis
1873 732 2153 799 firmari
2214 752 2469 799 censeo
2492 786 2507 815 ,
2570 733 2701 799 ubi

338 845 718 912 libationes
771 844 978 911 humi
1023 843 1518 927 effunduntur,
1571 844 1649 910 id
1697 843 1894 930 quod
1937 844 2095 910 fieri
2140 843 2419 910 solebat
2470 844 2545 910 in
2589 844 2699 908 in-

335 955 658 1020 ferorum
704 953 1007 1021 deorum
1053 954 1269 1021 cultn.

509 1089 800 1158 Baccho
868 1082 1160 1175 νηφάλια
1222 1090 1416 1157 facta
1476 1110 1630 1157 esse
1684 1093 1970 1176 praeter
2016 1089 2483 1157 Polemonem
2526 1088 2701 1156 Plu-

339 1201 698 1281 tarchus¹)
738 1201 974 1277 refert,
1022 1221 1163 1287 quo
1211 1222 1300 1267 ex
1329 1202 1489 1269 loco
1533 1201 1749 1287 plura
1779 1201 2209 1268 concludere
2255 1221 2402 1267 non
2446 1200 2697 1267 ausim.

342 1311 487 1380 Sed
571 1312 727 1378 iure
808 1311 1179 1397 Stenge12)
1279 1313 1709 1379 contendere
1788 1312 2110 1394 videtur,
2191 1310 2481 1378 Baccho
2567 1310 2703 1377 deo

341 1421 571 1488 infero
641 1415 930 1506 νηφάλια
1004 1423 1249 1489 oblata
1332 1442 1504 1489 esse.
1613 1423 1773 1488 Iam
1836 1442 2005 1488 vero
2080 1422 2467 1489 Erechthei·
2527 1421 2697 1487 filiis

342 1533 724 1599 libationes
779 1532 1060 1598 sobrias
1123 1532 1387 1599 effusas
1435 1553 1619 1614 esse,
1669 1534 1842 1618 quia
1887 1536 2115 1618 patre,
2168 1532 2474 1599 Telluris
2526 1531 2700 1611 filio,

344 1646 557 1708 natae
603 1642 1000 1709 inferorum
1047 1643 1386 1710 sacrificii
1429 1644 1817 1730 participes
1872 1647 2094 1726 erant,
2140 1663 2285 1709 non
2333 1647 2458 1724 est,
2505 1641 2700 1729 quod

347 1754 852 1820 demonstrem.
960 1753 1048 1819 In
1111 1754 1365 1820 eodem
1425 1755 1811 1820 numinum
1884 1773 2145 1838 genere
2220 1753 2703 1839 Sosipolidem

347 1884 633 1950 quoque
678 1863 1097 1931 habendum
1142 1884 1317 1946 esse,
1360 1863 1534 1931 hinc
1579 1866 1842 1947 elucet,
1890 1865 2085 1950 quod
2130 1864 2330 1931 Elios
2374 1865 2583 1930 illuni
2626 1864 2705 1930 in

345 1974 503 2040 iure
547 1974 856 2041 iurando
907 1977 1202 2041 testatos
1259 1994 1414 2042 esse
1459 1974 1865 2041 Pausanias
1920 1976 2157 2055 tradit.
2174 1977 2222 2056 3)
2311 1975 2519 2042 Idem
2570 1994 2705 2041 nos

349 2085 633 2165 docet,⁴)
678 2086 932 2152 vinum
961 2086 1040 2151 in
1070 2106 1233 2152 eam
1265 2106 1489 2166 aram,
1537 2106 1723 2173 quae
1755 2085 2133 2172 Olympiae
2178 2088 2513 2152 omnibus
2554 2085 2707 2151 deis

350 2194 686 2262 dedicata
715 2198 888 2274 erat,
933 2195 1242 2262 libatum
1273 2217 1417 2262 non
1451 2216 1633 2279 esse3
1680 2197 1757 2262 id
1788 2197 1985 2282 quod
2013 2200 2396 2284 propterea
2432 2196 2706 2263 factum

349 2325 506 2373 esse
551 2324 828 2387 censeO,
875 2306 1069 2392 quod
1116 2306 1234 2373 dei
1272 2327 1558 2393 quoque
1603 2307 1817 2373 inferi
1859 2306 2076 2373 huius
2108 2328 2277 2373 arae
2322 2308 2707 2393 participes

351 2419 573 2482 erant.

522 2541 734 2623 Quod
778 2546 1084 2631 pertinet
1135 2546 1232 2612 ad
1280 2546 1555 2612 cultum
1598 2546 1835 2629 Jovis,
1883 2568 2101 2633 quem
2147 2544 2413 2614 Graeci
2456 2535 2711 2607 ’ὕπατον

349 2656 426 2722 in
490 2676 656 2722 arce
700 2655 1159 2723 Athenarum
1203 2658 1765 2741 venerabantur,
1829 2658 2085 2725 eadem
2130 2657 2514 2724 statuenda
2557 2676 2714 2724 esse

351 2767 712 2850 existimO,
768 2788 954 2854 quae
997 2768 1079 2835 Ε.
1131 2768 1422 2835 Curtius
1467 2770 1805 2855 probavit
1857 2770 1934 2835 in
1976 2768 2468 2854 nympharum
2514 2767 2712 2833 cultu

352 2877 792 2945 disserendo.
899 2878 1096 2945 Nam
1167 2879 1359 2946 hanc
1428 2881 1634 2947 Jovis
1707 2880 2132 2963 religionem
2206 2879 2713 2965 perantiquam

350 2987 601 3071 fuisse,
663 2988 834 3056 hinc
889 3010 1237 3076 apparere
1300 2994 1502 3077 put0,
1568 2991 1766 3077 quod
1817 2991 2220 3058 Pausanias
2235 2990 2288 3072 ὃ)
2340 2989 2389 3056 J
2392 2991 2511 3055 ovi
2560 2989 2718 3056 liba

352 3099 879 3186 libationesque
925 3102 1095 3167 vino
1143 3121 1288 3167 non
1334 3102 1581 3168 addito
1630 3101 1876 3168 oblata
1921 3121 2074 3168 esse
2118 3101 2357 3167 tradit.

525 3226 686 3294 Hoc
729 3228 890 3295 loco
943 3248 1180 3315 pauca
1223 3229 1494 3295 addam
1549 3229 1638 3295 de
1690 3249 1777 3295 ea
1820 3229 2433 3315 interpretatione,
2492 3246 2713 3313 quam

353 3337 627 3424 profert
667 3338 870 3406 Diels
915 3338 992 3405 in
1055 3338 1368 3406 oraculis
1429 3339 1789 3425 sibyllinis
1835 3337 2378 3424 disputandis.⁶)
2471 3338 2713 3425 Atque

357 3467 640 3515 summo
659 3448 816 3516 iure
835 3449 957 3516 ille
975 3451 1091 3516 vir
1123 3450 1581 3517 doctissimus
1611 3470 1941 3537 premere
1970 3450 2278 3532 videtur,
2307 3449 2713 3527 libationeS,

357 3580 544 3647 quae
589 3553 876 3645 νηφάλια
920 3562 997 3627 in
1043 3561 1397 3628 sacrificio
1442 3561 1799 3647 piaculari
1844 3560 2298 3644 adhibentur,
2346 3564 2498 3628 arte
2545 3580 2713 3628 con-

355 3670 764 3756 iungendas
810 3692 965 3739 esse
1011 3693 1178 3739 cum
1224 3672 1599 3757 sanguinis
1641 3672 2005 3739 libatione.
2088 3671 2271 3738 Tum
2314 3672 2554 3757 pergit
2593 3670 2720 3738 ille

539 3886 575 3949 ¹)
615 3884 679 3936 de
715 3882 896 3936 tuend.
936 3899 1046 3936 san.
1082 3901 1160 3953 pr.
1197 3884 1340 3937 XIX.

535 3990 578 4050 ²)
614 3985 784 4039 Jahns
817 3986 1003 4039 Jahrb.
1041 3986 1074 4039 f.
1105 3986 1394 4055 Philologie
1434 3986 1582 4040 1887.
1619 4004 1670 4056 p.
1710 3988 1824 4040 649.
1901 3985 2106 4041 Griech.
2145 3987 2427 4041 Sakralalt.
2465 4004 2515 4055 p.
2554 3986 2632 4038 72.

533 4092 569 4150 ³)
607 4089 698 4143 v1.
735 4088 818 4142 20.
855 4087 903 4141 2.

533 4193 576 4256 ⁴)
613 4191 676 4242 V.
717 4192 793 4244 15.
835 4190 914 4244 10.

535 4296 576 4357 ⁵)
613 4293 653 4346 Ι.
691 4292 773 4346 26.
815 4293 860 4345 1.

537 4400 577 4457 ⁶)
613 4394 985 4464 Sibyllinische
1019 4396 1229 4449 Blatter
1263 4414 1313 4465 p.
1344 4397 1405 4449 71
1445 4412 1542 4465 sqq
