3317 5117
1313 340 1733 402 ..47—

343 525 470 611 qui
511 545 576 589 v.
628 523 692 588 d.
739 524 884 589 iam
949 523 1260 589 multum
1325 524 1562 589 attulit
1614 524 1706 590 ad
1766 522 2212 590 Graecorum
2275 522 2699 605 religionem

341 635 951 715 cognoscendam,
1008 636 1344 700 omnibus
1388 635 1813 701 testimoniis
1865 637 2201 701 accurate
2249 633 2697 713 examinatiS,

339 746 672 812 ultimam
730 746 1044 813 convivii
1097 745 1546 827 libationem,
1613 766 1798 831 quae
1852 746 2074 811 fiebat
2117 746 2191 810 in
2238 744 2699 809 victimarum

339 856 629 941 linguas
692 858 768 921 in
831 876 958 922 ara
1023 856 1466 936 combustas,
1532 854 1896 923 Mercurio
1953 856 2272 922 oblatam
2323 875 2469 920 non
2522 873 2697 935 esse,

342 967 660 1033 dilucide
705 968 1055 1051 probavit.
1081 967 1118 1049 ¹)
1211 966 1404 1032 Nam
1450 987 1578 1052 pro
1626 970 1824 1033 certo
1870 966 2289 1033 habendum
2336 966 2461 1047 est,
2508 964 2699 1029 hanc

339 1077 760 1143 libationem
808 1078 895 1143 iis
943 1077 1082 1142 diis
1129 1077 1431 1142 effusam
1485 1096 1670 1159 esse,
1736 1078 1998 1163 quibus
2042 1078 2382 1141 victimae
2444 1075 2700 1141 eodem

340 1188 456 1254 die
509 1188 924 1253 immolatae
980 1192 1210 1267 erant,
1269 1191 1375 1253 ut:
1432 1186 1643 1253 Hom.
1695 1186 1825 1254 Od.
1876 1212 1927 1267 γ.
1976 1207 2078 1252 VS.
2129 1190 2249 1252 341
2300 1206 2453 1272 sqq.
2503 1185 2698 1270 Nep-

337 1302 535 1377 tuno,
569 1300 693 1384 qui
727 1318 826 1363 vs,
862 1302 917 1363 6.
954 1297 1388 1383 appellatum
1426 1300 1576 1363 tum
1615 1318 1726 1383 ap.
1767 1277 2100 1383 Apollon.
2135 1296 2370 1363 Rhod.
2420 1298 2694 1381 Argon.

340 1408 395 1475 I.
426 1414 567 1474 517.
601 1409 894 1489 linguae
927 1412 995 1474 et
1024 1409 1274 1475 libatio
1307 1408 1467 1474 Iovi
1504 1409 1919 1474 offeruntur.
1978 1408 2341 1493 Equidem
2372 1406 2697 1473 Platonis

338 1520 644 1596 locuni'3)
710 1520 1007 1600 addam,
1072 1520 1196 1605 qui
1250 1519 1503 1585 eodem
1556 1519 1774 1585 modo
1830 1518 1972 1585 huc
2020 1521 2344 1604 spectare
2391 1518 2695 1606 videtur,

340 1651 786 1718 quamquam
834 1631 921 1695 de
951 1630 1220 1713 linguis
1263 1630 1536 1695 dictum
1564 1651 1713 1695 non
1754 1632 1883 1695 est:
1930 1624 2093 1709 μετὰ
2140 1626 2210 1691 δὲ·
2254 1628 2462 1690 wlco:
2510 1623 2697 1690 σπεί-

341 1762 569 1815 σανιες
618 1735 721 1803 τόν
771 1764 832 1803 ιε
879 1732 1150 1820 ἄρχοντα
1197 1739 1308 1803 καὶ
1356 1736 1505 1815 τοὺς
1551 1731 1802 1817 ἄλλους,
1852 1728 1951 1815 οἷς
1997 1729 2075 1801 ἂν
2104 1733 2379 1824 τυγχάνῃ
2425 1742 2613 1814 θεοῖς
2656 1727 2696 1825 ἧ

337 1846 486 1915 τότε
530 1850 639 1928 νύξ
686 1876 748 1915 τε
791 1850 904 1914 καὶ
971 1841 1174 1932 ἦμὲρα
1228 1849 1680 1937 καθιερωμένη
1737 1847 1903 1914 κατὰ
1957 1852 2167 1914 ταῦτα
2213 1841 2415 1926 οὕτως
2472 1844 2697 1914 οἶίαδε

337 1958 765 2045 πορειέσίναι.
872 1963 1142 2031 Tamen
1211 1964 1808 2031 consuetudinem
1869 1964 2090 2030 fuisse
2156 1965 2368 2030 certis
2422 1967 2696 2049 tempo-

340 2076 564 2156 ribuS,
611 2078 690 2140 ut
721 2074 1080 2140 Mercurio
1115 2075 1368 2140 ultima
1417 2076 1733 2141 convivii
1778 2075 1934 2140 sola
1964 2074 2471 2156 effunderetur,
2517 2055 2701 2139 mihi‘

342 2188 531 2252 certe
608 2189 936 2251 constare
1011 2186 1313 2252 videtur.
1413 2184 1606 2251 Nam
1681 2190 1965 2270 praeter
2024 2185 2383 2251 Athenaei
2454 2184 2697 2250 locum

341 2296 421 2377 (Ι.
469 2316 534 2381 p.
593 2300 664 2361 16
711 2296 817 2375 Β),
866 2317 1080 2381 quem
1127 2316 1348 2381 supra
1393 2297 1777 2382 adscripsi,
1831 2296 2021 2362 idem
2068 2290 2391 2362 referunt
2433 2295 2699 2361 Pollux

340 2406 493 2487 (VI.
527 2409 688 2487 100),
721 2408 844 2493 qui
877 2411 1150 2492 spectat
1180 2407 1274 2472 ad
1295 2406 1595 2473 Homeri
1626 2406 1757 2473 Od.
1790 2430 1843 2490 η.
1869 2427 1968 2471 vs,
2001 2410 2134 2473 137.
2164 2411 2240 2476 et
2259 2405 2696 2472 Plutarchus

341 2517 649 2599 (conviV.
690 2518 846 2583 Vll.
882 2523 966 2595 9.)
1043 2516 1280 2597 Quam
1313 2518 1655 2583 Mercurii
1685 2518 2104 2585 libationem
2134 2518 2567 2603 posteriores
2599 2518 2701 2582 ita

342 2629 830 2713 explicabant,
897 2634 974 2694 ut
1038 2630 1383 2709 dicerent,
1449 2649 1615 2694 eum
1671 2630 2004 2694 convivio
2061 2631 2367 2695 exeunte
2422 2627 2700 2694 cultum

341 2758 526 2821 esse,
591 2741 715 2825 qui
778 2760 1110 2805 somnum
1157 2760 1417 2823 regens
1471 2741 1754 2805 somnia
1797 2742 2125 2805 mitteret.
2184 2776 2250 2783 -
2304 2737 2407 2805 Cf.
2456 2737 2697 2803 Philo-

341 2850 550 2915 strati
597 2850 880 2916 Heroic.
928 2850 1018 2930 X,
1067 2855 1124 2916 8.
1173 2872 1237 2936 p.
1287 2853 1492 2933 311.³³)
1583 2850 1728 2918 Sed
1779 2849 2102 2931 Nitzsch,
2168 2850 2293 2934 qui
2347 2848 2698 2913 nonnulla

342 2961 701 3029 adnotat¹)
759 2962 850 3026 ad
899 2960 1153 3045 Odyss
1204 2986 1260 3045 η.
1310 2960 1412 3026 'vs.
1466 2966 1605 3043 137,
1659 2982 1839 3025 num
1886 2962 2031 3025 iam
2076 2958 2377 3024 Homeri
2421 2962 2696 3044 tempo-

339 3072 545 3137 ribus
594 3071 998 3137 Mercurius
1054 3072 1144 3137 sit
1197 3072 1628 3151 intellectuS,
1695 3072 1819 3155 qui
1874 3070 2185 3134 mitteret
2238 3088 2574 3133 somnum
2619 3070 2696 3133 in

343 3182 648 3248 dubium
716 3185 940 3247 vocat.
1033 3180 1195 3261 Qua
1255 3204 1331 3248 re
1377 3182 1685 3247 refut-ata,
1744 3179 1881 3245 hoc
1929 3180 2143 3245 modo
2198 3180 2434 3265 pergit
2482 3200 2543 3243 V.
2597 3178 2693 3243 d.:

339 3294 652 3357 viellec'clat
700 3317 826 3356 esur
873 3316 936 3356 «8
980 3294 1124 3357 eben
1169 3315 1300 3355 mm
1354 3296 1453 3357 dic
1500 3294 1644 3356 Ideo
1689 3294 1793 3355 des
1847 3292 2199 3369 lwloollen,
2256 3290 2543 3353 Schadcn
2587 3290 2696 3352 ab·

338 3406 720 3467 wcwdmdcu.
761 3410 994 3485 (iottes,
1038 3406 1147 3468 der
1192 3405 1378 3467 ollem
1419 3404 1743 3485 Beyimnen
1789 3406 1965 3466 einen,
2005 3401 2358 3481 frbhllchcn
2387 3402 2698 3483 Ausyany

338 3515 599 3593 verh'elae,
653 3517 872 3578 welche
919 3522 1031 3579 ‹las
1084 3515 1473 3595 Tranlcopfcr
1505 3514 1635 3595 fiir
1678 3514 1791 3577 ihu
1836 3536 1941 3576 am
1982 3512 2237 3575 Schluss
2281 3514 2448 3576 eines
2500 3512 2699 3593 Taycs

341 3626 489 3689 oder
553 3649 662 3689 vor
724 3629 830 3689 drr
889 3628 1191 3706 fteestcren
1261 3626 1470 3689 Nacht
1533 3626 1815 3707 bedinyte
1936 3626 2017 3688 So
2080 3625 2293 3687 warde
2353 3624 2527 3687 nicht
2588 3624 2699 3686 der

342 3737 578 3817 Sclclnf,
619 3722 896 3801 'sonclern
931 3739 1130 3816 ilaus,
1175 3737 1375 3816 Habe,
1423 3737 1628 3800 Leben
1672 3737 1805 3799 und
1850 3737 2009 3799 «elles
2057 3734 2259 3799 Glic'ck
2303 3740 2489 3798 anter
2531 3737 2697 3798 seme

521 3992 562 4058 ¹)
595 3992 765 4043 Julius
790 3992 970 4043 Jahrb.
1014 3992 1045 4041 f.
1087 3992 1386 4059 philologio.
1429 3991 1576 4044 1879.
1616 4008 1665 4060 p.
1706 3990 1823 4043 687.
1864 4008 1977 4058 sqq.

517 4097 537 4124 ²
595 4095 729 4159 legg.
835 4095 874 4145 ΙΙ
937 4114 967 4163 p
1021 4095 1121 4147 806
1159 4094 1216 4147 Ε.

519 4196 559 4257 3)
596 4198 661 4250 Cf
711 4198 926 4265 Apolloni
989 4197 1149 4249 Rhod.
1198 4205 1388 4261 ¹xrgon.
1429 4194 1525 4247 IV.
1561 4212 1636 4249 vs,
1678 4194 1809 4247 1782
1848 4211 1962 4244 cum
2003 4192 2173 4245 S‹·hol.

517 4298 558 4360 ²⁴)
629 4300 1034 4366 Anmerkungcn
1068 4316 1131 4351 zu
1165 4298 1388 4351 Homers
1424 4296 1704 4366 Odyssee⁴.
1778 4297 1844 4347 ll.
1886 4315 1933 4363 p.
1976 4296 2075 4348 152
2112 4312 2224 4363 sqq.

1573 4517 1592 4551 τ
