3317 5117
691 586 819 665 (vs.
882 587 1051 659 268).
1149 582 1428 662 Quibus
1493 604 1584 649 ex
1645 584 1863 651 rebus
1928 581 2245 649 dilucide
2308 585 2643 668 apparet,
2710 580 3055 647 animalia

689 716 838 761 non
900 693 1232 761 adhiberi
1293 695 1434 761 nisi
1495 697 1573 759 ut
1636 695 1936 779 sanguis
1992 693 2433 773 effundatur3
2507 694 2667 778 ipsa
2730 711 3051 777 corpora,

691 826 877 892 quae
930 804 1070 872 hac
1127 806 1199 871 in
1245 826 1321 872 re
1377 804 1560 872 nihil
1604 805 1879 887 valent,
1944 804 2186 891 aliquo
2241 803 2457 871 modo
2514 802 2986 885 aufferuntur,
3006 804 3049 884 ¹)

690 917 768 982 id
815 917 1012 1002 quod
1056 916 1399 983 facillime
1443 917 1601 982 fieri
1645 917 1880 1001 potuit
1925 916 2437 983 combustione.
2514 914 2771 999 Itaque
2806 913 3053 980 verisi-

691 1026 1083 1094 millimum
1126 1030 1328 1113 putO,
1391 1027 1913 1112 posterioribus
1962 1027 2409 1112 temporibus
2468 1044 2775 1111 corpora
2816 1044 2965 1089 non
3010 1044 3052 1088 a

689 1136 1030 1204 sacrificii
1073 1137 1234 1204 loco
1279 1142 1558 1204 remota
1609 1140 2003 1223 posteaque
2060 1137 2437 1204 combusta
2480 1156 2666 1219 esse,
2743 1135 2871 1201 sed
2914 1133 3053 1202 hoc

687 1249 828 1333 ipsi
889 1249 1368 1315 caerimoniae
1433 1248 1762 1315 additum
1822 1267 1996 1315 esse.
2104 1247 2410 1314 Accedit
2471 1267 2785 1333 quoque,
2859 1245 3054 1333 quod

686 1360 842 1443 igni
874 1359 1021 1424 vim
1052 1359 1414 1425 lustrandi
1460 1362 1529 1425 et
1571 1359 1938 1444 purgandi
1982 1360 2215 1425 inesse
2249 1358 2735 1443 opinabantur
2768 1355 3047 1423 Graeci.

688 1469 834 1537 Sed
879 1489 1026 1535 non
1072 1470 1308 1537 solum
1353 1471 1427 1536 in
1475 1470 1892 1536 coniectura
1934 1470 2155 1552 nitar,
2205 1489 2370 1535 cum
2417 1468 2845 1534 animalium
2889 1487 3054 1533 san-

689 1580 986 1664 guinem
1047 1581 1124 1646 in
1186 1580 1341 1646 iure
1405 1580 1715 1646 iurando
1780 1581 2089 1647 effusum
2151 1579 2576 1647 libationem
2637 1578 3054 1646 habendam

687 1710 844 1757 esse
891 1691 1264 1757 contendo.
1352 1690 1545 1757 Nam
1601 1692 1676 1757 in
1722 1692 2187 1776 inscriptione
2241 1689 2370 1757 illa
2413 1689 2870 1756 Andaniensi
2914 1687 3053 1755 hoc

689 1802 1222 1887 praecipiturfl)
1303 1798 1469 1882 Περὶ
1547 1794 1761 1884 {doech
1828 1798 1941 1863 καὶ
2020 1796 2215 1882 ἱερᾶν.
2310 1788 2390 1865 ‘O
2452 1799 2861 1883 γραμματεὺς
2926 1799 3053 1860 τῶν

689 1908 1004 1991 συνέδρων
1047 1912 1195 1988 τοὺς
1240 1908 1630 1998 γενηθέντας
1679 1906 1884 1995 ἱεροὺς
1914 1902 2251 1995 ὃρκιξάτω,
2301 1900 2391 1991 ἃμ
2422 1907 2642 1997 μήτις
2687 1899 3051 1993 ἆρρωο[τεῖ,

689 2017 904 2105 ἳεραῖ]ν
956 2022 1345 2103 καιομένων,
1414 2012 1612 2104 αἷμα
1658 2020 1792 2085 καὶ
1858 2013 2070 2086 οἶνον
2115 2019 2621 2099 σπένδοντας,
2694 2021 2806 2083 τὸν
2868 2010 3056 2101 ἵρκον

690 2127 798 2195 τὸν
841 2134 1428 2217 ὑπογεγραμμένον·
1455 2135 1504 2215 ³)
1554 2183 1891 2199 ......

865 2246 1120 2331 Itaque
1167 2245 1651 2313 dubitandum
1707 2265 1853 2311 non
1909 2264 2064 2311 esse
2114 2246 2396 2329 opinor,
2452 2244 2627 2330 quin
2685 2246 2939 2310 vinum
2986 2247 3056 2310 et

688 2356 986 2439 sanguis
1017 2356 1334 2441 primum
1365 2356 1658 2441 quidem
1699 2356 1927 2421 effusa
1971 2355 2132 2437 sint,
2178 2358 2261 2419 ut
2298 2354 2711 2421 alliciantur
2742 2354 2878 2436 dei,
2926 2356 3053 2441 qui

689 2465 934 2531 adsint
994 2466 1493 2533 caerimoniae.
1569 2467 1813 2552 Atque
1856 2465 2161 2532 Homeri
2214 2466 2542 2532 carmina
2593 2464 2707 2531 his
2762 2485 3051 2551 quoque

689 2578 764 2644 in
809 2577 1026 2644 rebus
1071 2596 1215 2642 non
1260 2578 1500 2663 prima
1543 2576 1760 2644 huius
1804 2577 1910 2643 rei
1941 2576 2248 2661 vestigia
2292 2577 2640 2661 praebere
2670 2577 2810 2643 viri
2856 2576 3050 2642 docti

686 2687 1090 2772 intelligere
1147 2691 1552 2772 coeperunt.
1642 2686 1840 2753 Nam
1883 2688 1960 2752 in
2005 2687 2257 2773 primis
2316 2686 2486 2753 deos
2539 2686 2809 2753 inferos
2855 2685 3049 2752 solos

686 2798 856 2865 huic
920 2799 1402 2865 caerimoniae
1477 2797 1729 2863 adesse
1805 2798 2204 2883 oportebat,
2288 2800 2370 2863 ut
2450 2796 2660 2863 facile
2734 2796 3046 2880 intelligi

684 2910 929 2996 possit,
977 2909 1356 2993 sanguinis
1401 2908 1784 2975 libationes
1831 2912 1899 2974 et
1943 2907 2225 2974 sobrias
2256 2908 2530 2993 primas
2561 2926 2717 2973 esse
2763 2906 3048 2974 adhibi-

684 3023 828 3101 tas3
874 3023 1144 3105 postea,
1193 3039 1360 3085 cum
1407 3019 1579 3085 deos
1612 3038 1898 3104 quoque
1945 3037 2242 3104 superos
2274 3018 2415 3084 iuri
2445 3018 2755 3084 iurando
2794 3017 3050 3085 adesse

686 3130 905 3197 vellet
948 3129 1231 3213 religi0,
1298 3130 1448 3196 vini
1508 3129 1890 3196 libationes
1951 3127 2240 3195 additae
2288 3132 2471 3194 sunt.
2519 3164 2605 3173 —
2648 3128 2831 3194 Tum
2874 3149 3049 3196 vero

685 3241 828 3307 alio
895 3259 1112 3307 sensu
1176 3237 1439 3307 Graeci
1484 3260 1560 3306 se
1621 3241 1817 3325 ipsos
1880 3242 2337 3306 exsecrantes
2386 3240 2554 3306 vino
2617 3238 2916 3305 libando
2973 3240 3051 3305 in

681 3370 846 3417 eam
892 3352 1398 3435 cogitationem
1429 3350 1862 3429 inciderunt,
1909 3351 1990 3414 ut
2030 3349 2377 3416 dicerent:
2424 3334 2549 3411 ὧδέ
2598 3337 2715 3433 σφ’
2764 3343 3050 3433 ἐγκέφα-

681 3460 792 3536 λος
833 3454 1116 3540 χαμάδις
1160 3458 1314 3542 ῥέοι,
1363 3450 1448 3533 ὡς
1497 3450 1604 3522 ὅδε
1649 3449 1839 3534 οἶνος.
1890 3496 1967 3507 -
2018 3458 2255 3538 Quam
2302 3460 2713 3546 Opinionem
2752 3480 2838 3527 ea
2870 3481 3050 3545 quo-

681 3743 784 3779 non
820 3723 888 3778 ad
927 3720 1270 3795 στομάχους,
1327 3724 1417 3777 sed
1455 3723 1522 3776 ad
1559 3719 1751 3793 ἀρνῶν
1788 3724 2074 3776 ducendam
2112 3740 2225 3777 esse
2261 3724 2383 3776 hinc
2431 3728 2676 3794 apparet,
2723 3724 2863 3793 quod
2898 3725 3048 3777 addi-

683 3816 775 3864 tur
811 3806 1231 3878 ἀσπαίροντας,
1268 3813 1464 3875 θυμοῦ
1499 3807 1863 3875 δευομένους,
1903 3809 1957 3861 id
1996 3808 2135 3877 quod
2161 3825 2265 3862 non
2300 3809 2403 3862 dici
2440 3813 2630 3879 potest,
2676 3810 2780 3867 nisi
2815 3810 2881 3863 de
2915 3810 3049 3880 ipsis

681 3897 893 3949 ovibus,

857 4000 892 4061 ¹)
931 3996 1169 4065 Stengel:
1205 3998 1376 4051 Jahns
1410 3998 1595 4051 Jahrb.
1637 3998 1782 4051 1883.
1823 4016 1871 4067 p.
1912 3996 2071 4063 37718
2126 3997 2262 4051 tales
2308 3998 2605 4066 composuit
2649 3998 2804 4055 locos,
2852 3998 3049 4067 quibus

687 4084 1108 4140 demonstratur,
1169 4099 1383 4151 corpora
1446 4084 1778 4148 animalium,
1842 4099 2063 4152 qnorum
2124 4083 2342 4149 sanguis
2406 4082 2632 4149 effluxit,
2692 4083 2834 4135 vario
2892 4083 3049 4137 modo

689 4170 875 4222 ablata
909 4185 1039 4221 esse.
1111 4167 1188 4222 Cs.
1228 4168 1561 4222 Griechische
1597 4168 1964 4221 Sakralaltert.
2004 4186 2053 4237 p.
2090 4169 2171 4220 96.

853 4271 896 4337 ⁶²)
933 4270 1010 4326 Cf.
1050 4272 1446 4340 Dittenberger:
1487 4270 1699 4340 Sylloge
1735 4272 1976 4338 inscript.
2014 4288 2182 4339 graec.
2227 4289 2277 4323 n.
2316 4271 2433 4329 388,
2461 4271 2492 4322 2
2530 4288 2579 4340 p.
2618 4272 2734 4324 567.

856 4374 896 4439 ³)
937 4374 1016 4431 Cf.
1057 4371 1215 4429 Faus,
1254 4374 1402 4427 VIII.
1439 4375 1486 4427 2.
1524 4375 1570 4427 3.
