3317 5117
1569 372 1998 433 -.-76—

603 556 826 625 ribus.
903 554 1197 639 Stengel
1245 575 1307 620 v.
1361 554 1425 621 d.
1476 553 1565 621 de
1604 553 1745 621 hac
1777 575 1855 621 re
1888 554 2287 634 disseruit¹)
2319 556 2391 621 et
2420 553 2757 620 omnibus
2784 551 2967 619 locis

603 666 1076 733 consideratis
1113 665 1258 733 mel
1303 685 1388 732 ac
1420 665 1675 732 vinum
1717 665 2144 751 plerumque
2192 684 2348 731 esse
2404 663 2650 731 oblata
2695 662 2959 730 docuit.

606 775 891 863 Optime
943 776 1376 861 incipiamus
1423 776 1514 843 ab
1560 776 1650 842 iis
1694 776 2101 863 liquoribus
2145 775 2420 857 mixtiS,
2475 793 2657 861 quos
2704 771 2970 841 Graeci

602 887 968 955 vocabant
1026 881 1429 969 μελίκρατον.
1446 889 1496 969 2)
1583 886 2011 953 Eusthatius
2069 886 2164 952 ad
2216 884 2520 953 Homeri
2566 882 2825 971 Odyss.
2870 882 2963 950 X.

605 1001 748 1065 519.
795 997 976 1065 haec
1017 998 1556 1065 animadvertit:
1601 990 1990 1079 μελίκρατον
2019 993 2091 1059 δὲ
2122 990 2185 1059 οὶ
2217 992 2507 1059 παλαιοὶ
2535 988 2747 1079 μῖγμά
2794 1013 2965 1079 φασι

601 1104 865 1189 μέλιτος
907 1105 1022 1170 καὶ
1053 1100 1373 1191 γάλακτος
1403 1104 1695 1171 ἐνταῦθα
1743 1101 1807 1171 οὶ
1851 1103 2075 1187 μέντοι
2102 1096 2264 1189 μεθ’
2302 1096 2578 1193 (Όμηρον
2618 1101 2805 1188 μέχρι
2848 1101 2967 1167 καὶ

603 1215 669 1294 ἐς
724 1211 872 1301 άρτι
917 1218 1135 1303 κρᾶμα
1179 1213 1442 1300 μέλιτος
1483 1214 1598 1280 καὶ
1654 1206 1892 1293 ῧδατος
1933 1211 2008 1281 τὸ
2055 1211 2441 1299 μελίκρατον
2486 1210 2730 1284 οἴδασι.
2824 1220 2967 1300 Νη-

603 1322 846 1413 φάλιον
895 1325 968 1392 δὲ
1028 1320 1218 1409 πόμα
1273 1322 1464 1391 καθὰ
1522 1322 1598 1393 τὸ
1653 1323 1724 1405 ἐξ
1763 1319 2025 1407 ὓδατος,
2091 1317 2259 1392 οἵτω
2311 1324 2429 1391 καὶ
2471 1321 2546 1392 τὸ
2592 1321 2665 1391 ἐκ
2705 1322 2970 1407 μέλιτος

606 1441 851 1519 ψυχαῖς
902 1436 1166 1522 πρέπον
1216 1436 1334 1503 καὶ
1389 1428 1554 1515 ὅλως
1605 1442 1749 1516 τοῖς
1799 1436 1867 1502 έν
1914 1438 2152 1503 Αἴδου.
2206 1476 2281 1485 --
2335 1438 2447 1507 De
2501 1438 2643 1505 hac
2686 1459 2765 1505 re
2816 1439 2968 1505 iam

604 1550 896 1638 Stengel
913 1555 1106 1619 recte
1137 1551 1562 1635 iudicavit‚3)
1597 1572 1765 1619 cum
1797 1551 2183 1633 contendit,
2214 1552 2291 1619 in
2308 1551 2449 1618 1100
2479 1553 2654 1637 potu
2683 1568 2969 1636 semper

603 1662 827 1731 fuisse
871 1663 1007 1745 lac,
1054 1665 1135 1728 ut
1176 1657 1564 1745 μελίκρατον
1608 1683 1699 1729 ex
1743 1662 1956 1730 melle
2002 1666 2073 1729 et
2112 1662 2299 1729 lacte
2346 1664 2678 1729 constare
2724 1660 2966 1727 existi-

603 1773 957 1841 mandum
1003 1774 1112 1839 sit.
1204 1771 1406 1852 Quae
1449 1774 1944 1860 interpretatio
1988 1773 2323 1841 firmatur
2368 1772 2529 1839 aliis
2574 1771 2783 1853 10013,
2840 1769 2967 1837 ubi

601 1877 988 1968 μελίκρατον
1050 1882 1192 1951 hoc
1251 1884 1470 1950 modo
1527 1883 1956 1970 explicatur:
2019 1887 2101 1950 ut
2152 1882 2389 1952 801101.
2436 1882 2687 1963 Eurip.
2735 1880 2963 1947 Orest.

604 2014 707 2063 VS.
760 1998 908 2061 115:
957 1983 1114 2058 ὅταν
1157 1988 1279 2077 γὰρ
1323 1988 1670 2079 ἓπιχέηται
1718 1984 1893 2069 οἶνος
1935 1994 2027 2077 τῷ
2070 1988 2143 2057 ἐκ
2183 1990 2447 2074 μέλιτος
2490 1990 2611 2055 καὶ
2646 1984 2969 2075 γάλακτος

602 2098 893 2188 κράματι
938 2099 1360 2181 ἐπιπολαίως
1420 2106 1656 2168 κεῖται.
1749 2104 1851 2172 Cf.
1918 2103 2305 2192 Porphyrii
2365 2104 2683 2183 verbaz4)
2760 2097 2966 2164 σπέν-

605 2215 829 2280 δουσιν
890 2210 953 2280 οἱ
1019 2212 1402 2299 ψυχαγωγοὶ
1461 2212 1611 2297 μέλι
1664 2212 2060 2298 κεκραμένον
2112 2209 2406 2297 γάλακτι.
2497 2215 2596 2280 At
2648 2214 2967 2281 dubitari

603 2348 751 2394 11011
810 2330 1070 2414 potest,
1135 2328 1308 2414 quin
1373 2347 1891 2415 saepenumero
1944 2326 2089 2393 illis
2133 2326 2539 2413 liquoribus
2592 2345 2785 2412 aqua
2836 2324 2966 2391 ad-

603 2439 853 2504 iuncta
913 2438 1021 2504 sit.
1038 2438 1085 2517 5)
1152 2474 1230 2482 -
1295 2438 1454 2504 Iam
1514 2438 1731 2525 plura
1794 2437 1882 2504 de
1956 2439 2409 2504 mortuorum
2476 2436 2676 2503 cultu
2747 2435 2967 2503 refert

603 2546 1124 2629 Eusbhatiuszss)
1191 2536 1360 2634 οέμφ>
1413 2537 1592 2631 αὐτῷ
1647 2548 1770 2630 (30.
1814 2540 2074 2631 βόθρῳ)
2120 2544 2192 2610 δὲ
2232 2538 2389 2631 χοήν
2432 2568 2597 2632 φησι
2642 2546 2815 2609 πᾶσι
2862 2568 2965 2609 νε-

602 2650 846 2736 κύεσσι,
893 2656 1128 2742 πρῶτα
1171 2649 1554 2744 μελικρήτῳ,
1599 2654 1951 2739 μετέπειτα
1999 2654 2069 2720 δὲ
2112 2645 2263 2743 ἡδέϊ
2306 2650 2477 2741 οἴνῳ,
2522 2650 2598 2719 τὸ
2642 2652 2715 2719 δὲ
2750 2650 2967 2738 τρίτον

605 2752 771 2831 αὖθ’
829 2755 1022 2831 ῧδατι
1073 2757 1162 2844 ὡς
1215 2758 1386 2832 εἶναι
1430 2764 1547 2831 καὶ
1609 2768 1829 2845 τοῦτο,
1894 2756 2035 2832 οἷον
2097 2760 2355 2851 τριττύν
2414 2790 2562 2830 τινα
2625 2756 2669 2851 ἢ
2709 2759 2966 2850 τριττὸν

603 2872 775 2943 κατα
827 2873 946 2964 τὴν
997 2879 1127 2942 τῶν
1179 2875 1521 2961 θυομένων
1572 2872 1769 2957 ζώων.
1859 2878 2031 2946 Tres
2086 2879 2404 2967 liquores
2460 2878 2621 2945 aliis
2678 2897 2964 2964 quoque

601 2990 780 3059 locis
833 2991 1304 3058 inveniuntur
1359 2994 1573 3078 atque
1635 2990 1771 3057 sub
1826 3010 1972 3056 uno
2018 2990 2311 3056 nomine
2371 2986 2524 3068 χοαὶ
2575 2982 2964 3071 τρίσπονδοι

601 3104 976 3169 vocantur.
1069 3100 1479 3168 Scholiasta
1523 3101 1618 3167 ad
1650 3099 1985 3187 Sophocl.
2031 3100 2277 3184 Antig.
2326 3119 2430 3167 vs.
2464 3103 2589 3165 429
2632 3098 2814 3166 haec
2854 3098 2963 3165 di-

605 3213 726 3279 eit:
776 3212 1004 3291 χοαῖσι
1049 3205 1510 3295 τρισπόνδοισι
1555 3199 1669 3275 τὸν
1715 3204 1895 3273 νεκίν
1939 3204 2677 3293 στέφει]τρισπόνὸ“οισιε
2722 3205 2962 3289 μέλιτι,

603 3314 900 3405 γάλακτι,
948 3314 1121 3405 οἴνῳ.
1214 3320 1414 3402 Quae
1459 3321 1954 3408 interpretatio
2009 3341 2186 3387 num
2232 3322 2323 3388 sit
2373 3320 2757 3408 probanda
2800 3339 2965 3386 nes—

594 3434 734 3500 cio.
811 3431 1006 3499 Nam
1050 3433 1195 3500 illis
1241 3432 1603 3499 Eusthatii
1648 3433 1893 3499 verbis
1937 3432 2297 3518 inspectiS‚
2343 3432 2504 3499 fieri
2540 3450 2750 3517 posse
2797 3451 2964 3498 cen-

603 3562 752 3624 300,
817 3546 897 3609 ut
939 3539 1089 3623 μέλι
1134 3546 1204 3611 et
1246 3536 1414 3625 γάλα
1479 3562 1627 3610 una
1687 3542 1939 3610 libatio
2002 3536 2386 3624 μελίκρατον
2443 3540 2789 3608 habenda
2848 3542 2961 3626 sit,

603 3653 834 3720 altera
877 3654 1160 3737 vinum,
1223 3654 1434 3720 tertia
1488 3673 1696 3739 aqua.
1789 3651 1934 3721 Sed
1983 3653 2072 3721 de
2116 3653 2256 3720 hac
2300 3674 2379 3720 re
2426 3672 2771 3740 quaerere
2814 3672 2964 3718 non

605 3821 929 3829 ——--————
947 3820 1013 3824 -—

787 3912 825 3973 ¹)
860 3908 1171 3976 Philologus
1210 3908 1343 3961 1880
1377 3926 1427 3977 p.
1467 3908 1723 3962 378—81.

779 3995 820 4059 2)
859 3993 937 4049 Cf.
973 3992 1186 4047 Diodor.
1231 3991 1290 4044 V.
1330 3993 1410 4046 62.

774 4079 818 4143 ³)
854 4078 932 4133 Cf.
970 4078 1162 4132 Adnot.
1205 4079 1249 4130 1.

771 4164 814 4227 ⁴)
850 4164 915 4217 de
951 4165 1087 4216 antr.
1123 4163 1336 4231 nymph.
1377 4180 1418 4215 0.
1456 4163 1539 4216 28.

773 4249 816 4315 5)
851 4247 927 4303 Cf.
967 4247 1207 4317 Sophocl.
1280 4246 1406 4302 Oed.
1445 4246 1554 4302 Col.
1590 4264 1664 4300 vs.
1702 4248 1805 4299 474
1840 4264 1957 4300 cum
1995 4246 2182 4306 Sobel„
2223 4247 2345 4299 alia.

773 4334 814 4397 ο)
852 4333 920 4386 ad
955 4332 1109 4385 Hom.
1147 4331 1244 4387 od.
1284 4331 1348 4384 X.
1387 4333 1502 4387 517.
