<?xml version="1.0" encoding="UTF-8"?>
<!DOCTYPE html PUBLIC "-//W3C//DTD XHTML 1.0 Transitional//EN"
    "http://www.w3.org/TR/xhtml1/DTD/xhtml1-transitional.dtd">
<html xmlns="http://www.w3.org/1999/xhtml" xml:lang="en" lang="en">
 <head>
  <title>
</title>
<meta http-equiv="Content-Type" content="text/html;charset=utf-8" />
  <meta name='ocr-system' content='tesseract 3.04.00' />
  <meta name='ocr-capabilities' content='ocr_page ocr_carea ocr_par ocr_line ocrx_word'/>
</head>
<body>
  <div class='ocr_page' id='page_1' title='image "./delibationevete01fritgoog_0089.png"; bbox 0 0 3317 5117; ppageno 0'>
   <div class='ocr_carea' id='block_1_1' title="bbox 1265 413 1692 478">
    <p class='ocr_par' dir='ltr' id='par_1_1' title="bbox 1265 413 1692 478">
     <span class='ocr_line' id='line_1_1' title="bbox 1265 413 1692 478; baseline -0.005 -21"><span class='ocrx_word' id='word_1_1' title='bbox 1265 413 1692 478; x_wconf 76' lang='lat'>..81—</span> 
     </span>
    </p>
   </div>
   <div class='ocr_carea' id='block_1_2' title="bbox 303 584 2669 1675">
    <p class='ocr_par' dir='ltr' id='par_1_2' title="bbox 303 584 2669 1675">
     <span class='ocr_line' id='line_1_2' title="bbox 305 584 2665 682; baseline 0.001 -25"><span class='ocrx_word' id='word_1_2' title='bbox 305 593 713 682; x_wconf 73' lang='grc' dir='ltr'><strong><em>σαλπιγκτὴς</em></strong></span> <span class='ocrx_word' id='word_1_3' title='bbox 777 588 1256 679; x_wconf 72' lang='grc' dir='ltr'><strong><em>ἐγκελευόμενος</em></strong></span> <span class='ocrx_word' id='word_1_4' title='bbox 1325 590 1402 661; x_wconf 81' lang='grc' dir='ltr'>τὸ</span> <span class='ocrx_word' id='word_1_5' title='bbox 1474 589 1860 681; x_wconf 67' lang='grc' dir='ltr'><strong><em>πολεμικόν,</em></strong></span> <span class='ocrx_word' id='word_1_6' title='bbox 1935 592 2214 661; x_wconf 70' lang='grc' dir='ltr'><strong><em>ἕπονται</em></strong></span> <span class='ocrx_word' id='word_1_7' title='bbox 2274 592 2348 660; x_wconf 78' lang='grc' dir='ltr'>δὲ</span> <span class='ocrx_word' id='word_1_8' title='bbox 2406 584 2665 677; x_wconf 73' lang='grc' dir='ltr'><strong><em>ἅμαξαι</em></strong></span> 
     </span>
     <span class='ocr_line' id='line_1_3' title="bbox 303 700 2663 793; baseline 0.001 -25"><span class='ocrx_word' id='word_1_9' title='bbox 303 700 606 792; x_wconf 79' lang='grc' dir='ltr'><strong><em>μυῤῥίνης</em></strong></span> <span class='ocrx_word' id='word_1_10' title='bbox 633 701 873 786; x_wconf 77' lang='grc' dir='ltr'><strong><em>μεσταὶ</em></strong></span> <span class='ocrx_word' id='word_1_11' title='bbox 913 703 1030 770; x_wconf 82' lang='grc' dir='ltr'>καὶ</span> <span class='ocrx_word' id='word_1_12' title='bbox 1075 700 1601 793; x_wconf 78' lang='grc' dir='ltr'><em>στεφανωμάτων</em></span> <span class='ocrx_word' id='word_1_13' title='bbox 1637 704 1755 770; x_wconf 84' lang='grc' dir='ltr'>καὶ</span> <span class='ocrx_word' id='word_1_14' title='bbox 1797 703 2002 788; x_wconf 81' lang='grc' dir='ltr'><strong><em>μέλας</em></strong></span> <span class='ocrx_word' id='word_1_15' title='bbox 2043 716 2302 792; x_wconf 83' lang='grc' dir='ltr'><strong><em>ταῦρος·</em></strong></span> <span class='ocrx_word' id='word_1_16' title='bbox 2348 703 2466 771; x_wconf 79' lang='grc' dir='ltr'>καὶ</span> <span class='ocrx_word' id='word_1_17' title='bbox 2504 702 2663 787; x_wconf 76' lang='grc' dir='ltr'><strong><em>χοὰς</em></strong></span> 
     </span>
     <span class='ocr_line' id='line_1_4' title="bbox 307 805 2663 904; baseline 0.002 -26"><span class='ocrx_word' id='word_1_18' title='bbox 307 808 484 879; x_wconf 74' lang='grc' dir='ltr'><strong><em>οἴνου</em></strong></span> <span class='ocrx_word' id='word_1_19' title='bbox 526 812 646 880; x_wconf 76' lang='grc' dir='ltr'>καὶ</span> <span class='ocrx_word' id='word_1_20' title='bbox 687 808 1012 901; x_wconf 77' lang='grc' dir='ltr'><strong><em>γάλακτος</em></strong></span> <span class='ocrx_word' id='word_1_21' title='bbox 1061 813 1130 881; x_wconf 75' lang='grc' dir='ltr'>ἐν</span> <span class='ocrx_word' id='word_1_22' title='bbox 1173 805 1601 904; x_wconf 77' lang='grc' dir='ltr'><strong><em>ἀμφορεῦσιν,</em></strong></span> <span class='ocrx_word' id='word_1_23' title='bbox 1655 812 1882 882; x_wconf 79' lang='grc' dir='ltr'><strong><em>ἐλαίου</em></strong></span> <span class='ocrx_word' id='word_1_24' title='bbox 1926 839 1995 881; x_wconf 82' lang='grc' dir='ltr'>τε</span> <span class='ocrx_word' id='word_1_25' title='bbox 2036 814 2155 881; x_wconf 80' lang='grc' dir='ltr'>καὶ</span> <span class='ocrx_word' id='word_1_26' title='bbox 2204 816 2407 902; x_wconf 85' lang='grc' dir='ltr'><strong><em>μύρου</em></strong></span> <span class='ocrx_word' id='word_1_27' title='bbox 2450 839 2663 900; x_wconf 82' lang='grc' dir='ltr'><strong><em>κρωσ-</em></strong></span> 
     </span>
     <span class='ocr_line' id='line_1_5' title="bbox 306 919 2668 1012; baseline 0.003 -23"><span class='ocrx_word' id='word_1_28' title='bbox 306 919 458 1002; x_wconf 78' lang='grc' dir='ltr'>σούς</span> <span class='ocrx_word' id='word_1_29' title='bbox 507 921 835 991; x_wconf 76' lang='grc' dir='ltr'><strong><em>νεανίσκοι</em></strong></span> <span class='ocrx_word' id='word_1_30' title='bbox 893 922 1266 1008; x_wconf 80' lang='grc' dir='ltr'><strong><em>κομίζοντες</em></strong></span> <span class='ocrx_word' id='word_1_31' title='bbox 1315 921 1669 1012; x_wconf 78' lang='grc' dir='ltr'><strong><em>ἐλεύθεροι.</em></strong></span> <span class='ocrx_word' id='word_1_32' title='bbox 1766 926 1949 995; x_wconf 86' lang='lat' dir='ltr'>Tum</span> <span class='ocrx_word' id='word_1_33' title='bbox 2012 927 2285 997; x_wconf 84' lang='lat' dir='ltr'>archon</span> <span class='ocrx_word' id='word_1_34' title='bbox 2350 928 2668 997; x_wconf 78' lang='lat' dir='ltr'>candida</span> 
     </span>
     <span class='ocr_line' id='line_1_6' title="bbox 305 1032 2667 1126; baseline -0.001 -22"><span class='ocrx_word' id='word_1_35' title='bbox 305 1040 503 1105; x_wconf 84' lang='lat' dir='ltr'>veste</span> <span class='ocrx_word' id='word_1_36' title='bbox 531 1037 832 1105; x_wconf 90' lang='lat' dir='ltr'>indutus</span> <span class='ocrx_word' id='word_1_37' title='bbox 863 1038 1200 1125; x_wconf 83' lang='lat' dir='ltr'>sepulcra</span> <span class='ocrx_word' id='word_1_38' title='bbox 1225 1039 1475 1107; x_wconf 83' lang='lat' dir='ltr'>lavata</span> <span class='ocrx_word' id='word_1_39' title='bbox 1516 1038 1837 1126; x_wconf 80' lang='lat' dir='ltr'><strong>myrrhis</strong></span> <span class='ocrx_word' id='word_1_40' title='bbox 1867 1040 2074 1107; x_wconf 81' lang='lat' dir='ltr'>unxit</span> <span class='ocrx_word' id='word_1_41' title='bbox 2114 1035 2231 1101; x_wconf 81' lang='grc' dir='ltr'>καὶ</span> <span class='ocrx_word' id='word_1_42' title='bbox 2275 1032 2391 1101; x_wconf 78' lang='grc' dir='ltr'>τόν</span> <span class='ocrx_word' id='word_1_43' title='bbox 2431 1039 2667 1122; x_wconf 82' lang='grc' dir='ltr'><strong><em>ταῦρον</em></strong></span> 
     </span>
     <span class='ocr_line' id='line_1_7' title="bbox 306 1137 2665 1237; baseline 0 -26"><span class='ocrx_word' id='word_1_44' title='bbox 306 1141 400 1223; x_wconf 75' lang='grc' dir='ltr'>εἰς</span> <span class='ocrx_word' id='word_1_45' title='bbox 458 1143 576 1234; x_wconf 81' lang='grc' dir='ltr'>τὴν</span> <span class='ocrx_word' id='word_1_46' title='bbox 635 1140 853 1233; x_wconf 71' lang='grc' dir='ltr'><strong><em>πυρᾶν</em></strong></span> <span class='ocrx_word' id='word_1_47' title='bbox 914 1140 1172 1234; x_wconf 82' lang='grc' dir='ltr'><strong><em>σφάξας</em></strong></span> <span class='ocrx_word' id='word_1_48' title='bbox 1233 1146 1349 1213; x_wconf 81' lang='grc' dir='ltr'>καὶ</span> <span class='ocrx_word' id='word_1_49' title='bbox 1411 1142 1751 1230; x_wconf 75' lang='grc' dir='ltr'><strong><em>εὐξάμενος</em></strong></span> <span class='ocrx_word' id='word_1_50' title='bbox 1806 1148 1927 1213; x_wconf 77' lang='grc' dir='ltr'>Διῒ</span> <span class='ocrx_word' id='word_1_51' title='bbox 1986 1146 2102 1213; x_wconf 81' lang='grc' dir='ltr'>καὶ</span> <span class='ocrx_word' id='word_1_52' title='bbox 2158 1137 2357 1237; x_wconf 77' lang='grc' dir='ltr'><strong><em>Ἑρμῇ</em></strong></span> <span class='ocrx_word' id='word_1_53' title='bbox 2412 1144 2665 1233; x_wconf 77' lang='grc' dir='ltr'><strong><em>χθονίῳ</em></strong></span> 
     </span>
     <span class='ocr_line' id='line_1_8' title="bbox 305 1246 2668 1345; baseline 0.001 -24"><span class='ocrx_word' id='word_1_54' title='bbox 305 1257 680 1344; x_wconf 65' lang='grc' dir='ltr'><strong><em>παρακαλεῖ</em></strong></span> <span class='ocrx_word' id='word_1_55' title='bbox 731 1258 880 1335; x_wconf 84' lang='grc' dir='ltr'><strong><em>τοὺς</em></strong></span> <span class='ocrx_word' id='word_1_56' title='bbox 930 1246 1232 1343; x_wconf 72' lang='grc' dir='ltr'><strong><em>ἀγαθοὺς</em></strong></span> <span class='ocrx_word' id='word_1_57' title='bbox 1285 1250 1525 1344; x_wconf 63' lang='grc' dir='ltr'><strong><em>ἄνδρας</em></strong></span> <span class='ocrx_word' id='word_1_58' title='bbox 1573 1260 1725 1336; x_wconf 81' lang='grc' dir='ltr'><strong><em>τοὺς</em></strong></span> <span class='ocrx_word' id='word_1_59' title='bbox 1776 1256 1940 1343; x_wconf 76' lang='grc' dir='ltr'><strong><em>ὑπὲρ</em></strong></span> <span class='ocrx_word' id='word_1_60' title='bbox 1994 1258 2113 1345; x_wconf 82' lang='grc' dir='ltr'>τῆς</span> <span class='ocrx_word' id='word_1_61' title='bbox 2148 1248 2457 1337; x_wconf 80' lang='grc' dir='ltr'><strong><em>Ἑλλάδος</em></strong></span> <span class='ocrx_word' id='word_1_62' title='bbox 2501 1249 2668 1324; x_wconf 77' lang='grc' dir='ltr'><strong><em>ἀπο-</em></strong></span> 
     </span>
     <span class='ocr_line' id='line_1_9' title="bbox 305 1360 2666 1456; baseline 0.001 -25"><span class='ocrx_word' id='word_1_63' title='bbox 305 1360 636 1445; x_wconf 70' lang='grc' dir='ltr'><strong><em>θανόντας</em></strong></span> <span class='ocrx_word' id='word_1_64' title='bbox 679 1364 796 1432; x_wconf 76' lang='grc' dir='ltr'>ἐπὶ</span> <span class='ocrx_word' id='word_1_65' title='bbox 840 1362 918 1432; x_wconf 82' lang='grc' dir='ltr'>τὸ</span> <span class='ocrx_word' id='word_1_66' title='bbox 961 1368 1229 1433; x_wconf 75' lang='grc' dir='ltr'><strong><em>δεῖπνον</em></strong></span> <span class='ocrx_word' id='word_1_67' title='bbox 1271 1366 1386 1432; x_wconf 84' lang='grc' dir='ltr'>καὶ</span> <span class='ocrx_word' id='word_1_68' title='bbox 1428 1364 1547 1456; x_wconf 79' lang='grc' dir='ltr'>τὴν</span> <span class='ocrx_word' id='word_1_69' title='bbox 1585 1364 2052 1452; x_wconf 77' lang='grc' dir='ltr'><strong><em>αἶμακουρίαν·</em></strong></span> <span class='ocrx_word' id='word_1_70' title='bbox 2100 1364 2333 1434; x_wconf 68' lang='grc' dir='ltr'><strong><em>ἔπειτα</em></strong></span> <span class='ocrx_word' id='word_1_71' title='bbox 2380 1371 2666 1456; x_wconf 80' lang='grc' dir='ltr'><strong><em>κρατῆρα</em></strong></span> 
     </span>
     <span class='ocr_line' id='line_1_10' title="bbox 304 1472 2669 1566; baseline 0.001 -23"><span class='ocrx_word' id='word_1_72' title='bbox 304 1472 586 1562; x_wconf 68' lang='grc' dir='ltr'><strong><em>κεράσας</em></strong></span> <span class='ocrx_word' id='word_1_73' title='bbox 644 1472 822 1543; x_wconf 78' lang='grc' dir='ltr'><strong><em>οἴνου</em></strong></span> <span class='ocrx_word' id='word_1_74' title='bbox 885 1476 1002 1543; x_wconf 81' lang='grc' dir='ltr'>καὶ</span> <span class='ocrx_word' id='word_1_75' title='bbox 1060 1472 1364 1562; x_wconf 73' lang='grc' dir='ltr'><strong><em>χεάμενος</em></strong></span> <span class='ocrx_word' id='word_1_76' title='bbox 1419 1474 1740 1566; x_wconf 74' lang='grc' dir='ltr'><em>ἐπιλέγει·</em></span> <span class='ocrx_word' id='word_1_77' title='bbox 1803 1476 2125 1566; x_wconf 80' lang='grc' dir='ltr'><strong><em>Προπίνω</em></strong></span> <span class='ocrx_word' id='word_1_78' title='bbox 2184 1482 2327 1557; x_wconf 86' lang='grc' dir='ltr'><strong><em>τοῖς</em></strong></span> <span class='ocrx_word' id='word_1_79' title='bbox 2388 1472 2669 1564; x_wconf 81' lang='grc' dir='ltr'><strong><em>ἆνδρσὶσι</em></strong></span> 
     </span>
     <span class='ocr_line' id='line_1_11' title="bbox 305 1578 1896 1675; baseline 0.003 -21"><span class='ocrx_word' id='word_1_80' title='bbox 305 1593 445 1667; x_wconf 83' lang='grc' dir='ltr'><strong><em>τοῖς</em></strong></span> <span class='ocrx_word' id='word_1_81' title='bbox 487 1586 654 1673; x_wconf 77' lang='grc' dir='ltr'><strong><em>ὑπὲρ</em></strong></span> <span class='ocrx_word' id='word_1_82' title='bbox 695 1590 814 1675; x_wconf 82' lang='grc' dir='ltr'>τῆς</span> <span class='ocrx_word' id='word_1_83' title='bbox 849 1578 1158 1667; x_wconf 79' lang='grc' dir='ltr'><strong><em>Ἑλλάδος</em></strong></span> <span class='ocrx_word' id='word_1_84' title='bbox 1202 1579 1634 1656; x_wconf 72' lang='grc' dir='ltr'><strong><em>ἀποθανοῦσι</em></strong></span> <span class='ocrx_word' id='word_1_85' title='bbox 1684 1641 1699 1655; x_wconf 96' lang='grc'><strong>.</strong></span> <span class='ocrx_word' id='word_1_86' title='bbox 1751 1647 1766 1662; x_wconf 87' lang='grc'>,</span> <span class='ocrx_word' id='word_1_87' title='bbox 1812 1641 1827 1655; x_wconf 96' lang='grc'><strong>.</strong></span> <span class='ocrx_word' id='word_1_88' title='bbox 1876 1640 1896 1658; x_wconf 94' lang='grc'><strong>.</strong></span> 
     </span>
    </p>
   </div>
   <div class='ocr_carea' id='block_1_3' title="bbox 303 1724 2729 4027">
    <p class='ocr_par' dir='ltr' id='par_1_3' title="bbox 303 1724 2729 4027">
     <span class='ocr_line' id='line_1_12' title="bbox 476 1724 2669 1814; baseline 0.001 -21"><span class='ocrx_word' id='word_1_89' title='bbox 476 1724 679 1807; x_wconf 83' lang='lat' dir='ltr'>Quae</span> <span class='ocrx_word' id='word_1_90' title='bbox 710 1727 1153 1795; x_wconf 88' lang='lat' dir='ltr'>consuetudo</span> <span class='ocrx_word' id='word_1_91' title='bbox 1177 1728 1571 1814; x_wconf 89' lang='lat' dir='ltr'>singularis</span> <span class='ocrx_word' id='word_1_92' title='bbox 1601 1749 1751 1796; x_wconf 90' lang='lat' dir='ltr'>non</span> <span class='ocrx_word' id='word_1_93' title='bbox 1779 1730 2220 1797; x_wconf 87' lang='lat' dir='ltr'>sacrificium</span> <span class='ocrx_word' id='word_1_94' title='bbox 2247 1728 2669 1797; x_wconf 89' lang='lat' dir='ltr'>habendum</span> 
     </span>
     <span class='ocr_line' id='line_1_13' title="bbox 307 1837 2674 1927; baseline 0.002 -23"><span class='ocrx_word' id='word_1_95' title='bbox 307 1841 430 1920; x_wconf 87' lang='lat' dir='ltr'>est,</span> <span class='ocrx_word' id='word_1_96' title='bbox 477 1837 674 1924; x_wconf 89' lang='lat' dir='ltr'>quod</span> <span class='ocrx_word' id='word_1_97' title='bbox 717 1838 1023 1905; x_wconf 81' lang='lat' dir='ltr'>mortuis</span> <span class='ocrx_word' id='word_1_98' title='bbox 1070 1838 1396 1908; x_wconf 87' lang='lat' dir='ltr'>oblatum</span> <span class='ocrx_word' id='word_1_99' title='bbox 1423 1838 1756 1908; x_wconf 90' lang='lat' dir='ltr'>homines</span> <span class='ocrx_word' id='word_1_100' title='bbox 1799 1841 1939 1927; x_wconf 88' lang='lat' dir='ltr'>ipsi</span> <span class='ocrx_word' id='word_1_101' title='bbox 1983 1860 2128 1907; x_wconf 91' lang='lat' dir='ltr'>non</span> <span class='ocrx_word' id='word_1_102' title='bbox 2166 1843 2495 1925; x_wconf 87' lang='lat' dir='ltr'>tangunt,</span> <span class='ocrx_word' id='word_1_103' title='bbox 2541 1840 2674 1909; x_wconf 92' lang='lat' dir='ltr'>sed</span> 
     </span>
     <span class='ocr_line' id='line_1_14' title="bbox 308 1938 2674 2038; baseline 0.002 -24"><span class='ocrx_word' id='word_1_104' title='bbox 308 1947 624 2017; x_wconf 90' lang='lat' dir='ltr'>dilucide</span> <span class='ocrx_word' id='word_1_105' title='bbox 669 1951 997 2035; x_wconf 86' lang='lat' dir='ltr'>apparet,</span> <span class='ocrx_word' id='word_1_106' title='bbox 1061 1947 1522 2017; x_wconf 87' lang='lat' dir='ltr'>Plataeenses</span> <span class='ocrx_word' id='word_1_107' title='bbox 1582 1952 1780 2037; x_wconf 91' lang='lat' dir='ltr'>ipsos</span> <span class='ocrx_word' id='word_1_108' title='bbox 1832 1951 2218 2038; x_wconf 77' lang='lat' dir='ltr'>participes</span> <span class='ocrx_word' id='word_1_109' title='bbox 2265 1938 2432 2019; x_wconf 50' lang='lat' dir='ltr'>&#39;esse</span> <span class='ocrx_word' id='word_1_110' title='bbox 2476 1950 2674 2038; x_wconf 86' lang='lat' dir='ltr'>epuli</span> 
     </span>
     <span class='ocr_line' id='line_1_15' title="bbox 304 2057 2675 2146; baseline 0.002 -21"><span class='ocrx_word' id='word_1_111' title='bbox 304 2059 610 2127; x_wconf 77' lang='lat' dir='ltr'>mortuis</span> <span class='ocrx_word' id='word_1_112' title='bbox 640 2057 792 2125; x_wconf 90' lang='lat' dir='ltr'>dati</span> <span class='ocrx_word' id='word_1_113' title='bbox 823 2062 1038 2146; x_wconf 90' lang='lat' dir='ltr'>atque</span> <span class='ocrx_word' id='word_1_114' title='bbox 1082 2060 1203 2142; x_wconf 91' lang='lat' dir='ltr'>ita,</span> <span class='ocrx_word' id='word_1_115' title='bbox 1250 2063 1330 2126; x_wconf 87' lang='lat' dir='ltr'>ut</span> <span class='ocrx_word' id='word_1_116' title='bbox 1357 2080 1559 2127; x_wconf 90' lang='lat' dir='ltr'>more</span> <span class='ocrx_word' id='word_1_117' title='bbox 1603 2059 1928 2128; x_wconf 88' lang='lat' dir='ltr'>humano</span> <span class='ocrx_word' id='word_1_118' title='bbox 1962 2060 2416 2130; x_wconf 74' lang='lat' dir='ltr'>discernatur</span> <span class='ocrx_word' id='word_1_119' title='bbox 2445 2080 2675 2130; x_wconf 91' lang='lat' dir='ltr'>coena</span> 
     </span>
     <span class='ocr_line' id='line_1_16' title="bbox 307 2168 2671 2258; baseline 0.003 -23"><span class='ocrx_word' id='word_1_120' title='bbox 307 2188 354 2235; x_wconf 86' lang='lat' dir='ltr'>a</span> <span class='ocrx_word' id='word_1_121' title='bbox 393 2170 748 2238; x_wconf 88' lang='lat' dir='ltr'>convivio.</span> <span class='ocrx_word' id='word_1_122' title='bbox 835 2168 1032 2236; x_wconf 87' lang='lat' dir='ltr'>Nam</span> <span class='ocrx_word' id='word_1_123' title='bbox 1074 2171 1392 2257; x_wconf 90' lang='lat' dir='ltr'>primum</span> <span class='ocrx_word' id='word_1_124' title='bbox 1437 2174 1693 2238; x_wconf 90' lang='lat' dir='ltr'>taurus</span> <span class='ocrx_word' id='word_1_125' title='bbox 1736 2172 2138 2258; x_wconf 89' lang='lat' dir='ltr'>iugulatur,</span> <span class='ocrx_word' id='word_1_126' title='bbox 2193 2175 2350 2240; x_wconf 87' lang='lat' dir='ltr'>tum</span> <span class='ocrx_word' id='word_1_127' title='bbox 2395 2175 2671 2241; x_wconf 89' lang='lat' dir='ltr'>cratere</span> 
     </span>
     <span class='ocr_line' id='line_1_17' title="bbox 305 2278 2671 2368; baseline 0.001 -20"><span class='ocrx_word' id='word_1_128' title='bbox 305 2281 530 2348; x_wconf 84' lang='lat' dir='ltr'>mixto</span> <span class='ocrx_word' id='word_1_129' title='bbox 575 2280 828 2347; x_wconf 88' lang='lat' dir='ltr'>vinum</span> <span class='ocrx_word' id='word_1_130' title='bbox 883 2280 976 2347; x_wconf 89' lang='lat' dir='ltr'>ab</span> <span class='ocrx_word' id='word_1_131' title='bbox 1039 2278 1384 2348; x_wconf 81' lang='lat' dir='ltr'>archonte</span> <span class='ocrx_word' id='word_1_132' title='bbox 1431 2282 1859 2368; x_wconf 88' lang='lat' dir='ltr'>propinatur</span> <span class='ocrx_word' id='word_1_133' title='bbox 1910 2283 2235 2351; x_wconf 82' lang='lat' dir='ltr'>mortuis,</span> <span class='ocrx_word' id='word_1_134' title='bbox 2328 2282 2472 2352; x_wconf 86' lang='lat' dir='ltr'>Sed</span> <span class='ocrx_word' id='word_1_135' title='bbox 2525 2282 2671 2351; x_wconf 89' lang='lat' dir='ltr'>huc</span> 
     </span>
     <span class='ocr_line' id='line_1_18' title="bbox 303 2389 2673 2477; baseline 0.002 -20"><span class='ocrx_word' id='word_1_136' title='bbox 303 2390 452 2458; x_wconf 86' lang='lat' dir='ltr'>iam</span> <span class='ocrx_word' id='word_1_137' title='bbox 496 2392 750 2477; x_wconf 87' lang='lat' dir='ltr'>paucis</span> <span class='ocrx_word' id='word_1_138' title='bbox 779 2393 1121 2458; x_wconf 85' lang='lat' dir='ltr'>revertar.</span> <span class='ocrx_word' id='word_1_139' title='bbox 1198 2389 1402 2459; x_wconf 91' lang='lat' dir='ltr'>Haec</span> <span class='ocrx_word' id='word_1_140' title='bbox 1447 2393 1892 2460; x_wconf 88' lang='lat' dir='ltr'>caerimonia</span> <span class='ocrx_word' id='word_1_141' title='bbox 1937 2396 2090 2461; x_wconf 90' lang='lat' dir='ltr'>arte</span> <span class='ocrx_word' id='word_1_142' title='bbox 2122 2393 2460 2463; x_wconf 85' lang='lat' dir='ltr'>cohaeret</span> <span class='ocrx_word' id='word_1_143' title='bbox 2504 2415 2673 2462; x_wconf 91' lang='lat' dir='ltr'>cum</span> 
     </span>
     <span class='ocr_line' id='line_1_19' title="bbox 303 2500 2671 2591; baseline 0.001 -22"><span class='ocrx_word' id='word_1_144' title='bbox 303 2500 451 2569; x_wconf 87' lang='lat' dir='ltr'>illis</span> <span class='ocrx_word' id='word_1_145' title='bbox 495 2500 755 2588; x_wconf 80' lang='lat' dir='ltr'>epuIiS‚</span> <span class='ocrx_word' id='word_1_146' title='bbox 819 2520 1005 2588; x_wconf 87' lang='lat' dir='ltr'>quae</span> <span class='ocrx_word' id='word_1_147' title='bbox 1049 2500 1321 2569; x_wconf 90' lang='lat' dir='ltr'>fiebant</span> <span class='ocrx_word' id='word_1_148' title='bbox 1372 2504 1697 2590; x_wconf 87' lang='lat' dir='ltr'>principe</span> <span class='ocrx_word' id='word_1_149' title='bbox 1752 2504 2060 2591; x_wconf 81' lang='lat' dir='ltr'>sepult03</span> <span class='ocrx_word' id='word_1_150' title='bbox 2125 2525 2339 2591; x_wconf 89' lang='lat' dir='ltr'>quem</span> <span class='ocrx_word' id='word_1_151' title='bbox 2391 2525 2671 2573; x_wconf 91' lang='lat' dir='ltr'>morem</span> 
     </span>
     <span class='ocr_line' id='line_1_20' title="bbox 303 2603 2729 2701; baseline 0.002 -23"><span class='ocrx_word' id='word_1_152' title='bbox 303 2612 381 2679; x_wconf 91' lang='lat' dir='ltr'>in</span> <span class='ocrx_word' id='word_1_153' title='bbox 423 2611 728 2679; x_wconf 90' lang='lat' dir='ltr'>Homeri</span> <span class='ocrx_word' id='word_1_154' title='bbox 787 2612 1234 2679; x_wconf 88' lang='lat' dir='ltr'>carminibus</span> <span class='ocrx_word' id='word_1_155' title='bbox 1251 2612 1304 2695; x_wconf 91' lang='lat'>¹)</span> <span class='ocrx_word' id='word_1_156' title='bbox 1367 2618 2014 2681; x_wconf 89' lang='lat' dir='ltr'>commemoratum</span> <span class='ocrx_word' id='word_1_157' title='bbox 2074 2618 2326 2701; x_wconf 91' lang='lat' dir='ltr'>postea</span> <span class='ocrx_word' id='word_1_158' title='bbox 2386 2636 2531 2682; x_wconf 92' lang='lat' dir='ltr'>non</span> <span class='ocrx_word' id='word_1_159' title='bbox 2592 2617 2671 2682; x_wconf 91' lang='lat' dir='ltr'>in</span> <span class='ocrx_word' id='word_1_160' title='bbox 2727 2603 2729 2607; x_wconf 58' lang='grc'>’</span> 
     </span>
     <span class='ocr_line' id='line_1_21' title="bbox 303 2721 2667 2810; baseline 0.001 -21"><span class='ocrx_word' id='word_1_161' title='bbox 303 2741 443 2789; x_wconf 90' lang='lat' dir='ltr'>usu</span> <span class='ocrx_word' id='word_1_162' title='bbox 505 2722 726 2789; x_wconf 83' lang='lat' dir='ltr'>fuisse</span> <span class='ocrx_word' id='word_1_163' title='bbox 770 2721 1027 2791; x_wconf 86' lang='lat' dir='ltr'>Rohde</span> <span class='ocrx_word' id='word_1_164' title='bbox 1041 2723 1090 2804; x_wconf 82' lang='grc'>2)</span> <span class='ocrx_word' id='word_1_165' title='bbox 1152 2723 1309 2790; x_wconf 88' lang='lat' dir='ltr'>iure</span> <span class='ocrx_word' id='word_1_166' title='bbox 1365 2724 1774 2810; x_wconf 84' lang='lat' dir='ltr'>explicavit.</span> <span class='ocrx_word' id='word_1_167' title='bbox 1862 2724 2132 2792; x_wconf 85' lang='lat' dir='ltr'>Tamen</span> <span class='ocrx_word' id='word_1_168' title='bbox 2188 2725 2444 2792; x_wconf 88' lang='lat' dir='ltr'>similis</span> <span class='ocrx_word' id='word_1_169' title='bbox 2498 2746 2667 2793; x_wconf 89' lang='lat' dir='ltr'>con-</span> 
     </span>
     <span class='ocr_line' id='line_1_22' title="bbox 304 2832 2669 2922; baseline 0.001 -21"><span class='ocrx_word' id='word_1_170' title='bbox 304 2832 609 2901; x_wconf 90' lang='lat' dir='ltr'>suetudo</span> <span class='ocrx_word' id='word_1_171' title='bbox 653 2833 1172 2920; x_wconf 85' lang='lat' dir='ltr'>posterioribus</span> <span class='ocrx_word' id='word_1_172' title='bbox 1213 2854 1498 2920; x_wconf 91' lang='lat' dir='ltr'>quoque</span> <span class='ocrx_word' id='word_1_173' title='bbox 1527 2836 1973 2922; x_wconf 85' lang='lat' dir='ltr'>temporibus</span> <span class='ocrx_word' id='word_1_174' title='bbox 2020 2836 2421 2903; x_wconf 85' lang='lat' dir='ltr'>constitisse</span> <span class='ocrx_word' id='word_1_175' title='bbox 2468 2835 2669 2903; x_wconf 89' lang='lat' dir='ltr'>vide-</span> 
     </span>
     <span class='ocr_line' id='line_1_23' title="bbox 305 2939 2667 3030; baseline 0.002 -21"><span class='ocrx_word' id='word_1_176' title='bbox 305 2946 449 3025; x_wconf 89' lang='lat' dir='ltr'>tur,</span> <span class='ocrx_word' id='word_1_177' title='bbox 513 2963 700 3030; x_wconf 86' lang='lat' dir='ltr'>quae</span> <span class='ocrx_word' id='word_1_178' title='bbox 756 2944 1155 3011; x_wconf 88' lang='lat' dir='ltr'>vocabatur</span> <span class='ocrx_word' id='word_1_179' title='bbox 1215 2939 1656 3026; x_wconf 80' lang='grc' dir='ltr'>περίδειπνον.</span> <span class='ocrx_word' id='word_1_180' title='bbox 1760 2944 1957 3013; x_wconf 89' lang='lat' dir='ltr'>Nam</span> <span class='ocrx_word' id='word_1_181' title='bbox 2010 2946 2149 3014; x_wconf 85' lang='lat' dir='ltr'>hac</span> <span class='ocrx_word' id='word_1_182' title='bbox 2203 2947 2278 3014; x_wconf 91' lang='lat' dir='ltr'>in</span> <span class='ocrx_word' id='word_1_183' title='bbox 2337 2967 2415 3014; x_wconf 91' lang='lat' dir='ltr'>re</span> <span class='ocrx_word' id='word_1_184' title='bbox 2469 2946 2667 3015; x_wconf 91' lang='lat' dir='ltr'>idem</span> 
     </span>
     <span class='ocr_line' id='line_1_24' title="bbox 306 3052 2666 3145; baseline 0.001 -24"><span class='ocrx_word' id='word_1_185' title='bbox 306 3054 615 3122; x_wconf 85' lang='lat' dir='ltr'>sensisse</span> <span class='ocrx_word' id='word_1_186' title='bbox 678 3052 998 3122; x_wconf 83' lang='lat' dir='ltr'>Graecos</span> <span class='ocrx_word' id='word_1_187' title='bbox 1061 3074 1411 3141; x_wconf 87' lang='lat' dir='ltr'>apparere</span> <span class='ocrx_word' id='word_1_188' title='bbox 1470 3059 1645 3142; x_wconf 89' lang='lat' dir='ltr'>puto</span> <span class='ocrx_word' id='word_1_189' title='bbox 1664 3110 1679 3139; x_wconf 90' lang='lat'>‚</span> <span class='ocrx_word' id='word_1_190' title='bbox 1743 3058 1886 3123; x_wconf 90' lang='lat' dir='ltr'>nisi</span> <span class='ocrx_word' id='word_1_191' title='bbox 1946 3056 2144 3143; x_wconf 90' lang='lat' dir='ltr'>quod</span> <span class='ocrx_word' id='word_1_192' title='bbox 2202 3056 2483 3125; x_wconf 85' lang='lat' dir='ltr'>familia</span> <span class='ocrx_word' id='word_1_193' title='bbox 2534 3078 2666 3145; x_wconf 87' lang='lat' dir='ltr'>pro</span> 
     </span>
     <span class='ocr_line' id='line_1_25' title="bbox 303 3164 2668 3254; baseline 0.001 -21"><span class='ocrx_word' id='word_1_194' title='bbox 303 3165 571 3252; x_wconf 89' lang='lat' dir='ltr'>populo</span> <span class='ocrx_word' id='word_1_195' title='bbox 603 3164 1160 3233; x_wconf 88' lang='lat' dir='ltr'>sollemnitatem</span> <span class='ocrx_word' id='word_1_196' title='bbox 1192 3164 1621 3233; x_wconf 80' lang='lat' dir='ltr'>celebrabat</span> <span class='ocrx_word' id='word_1_197' title='bbox 1694 3166 1805 3233; x_wconf 95' lang='lat' dir='ltr'>De</span> <span class='ocrx_word' id='word_1_198' title='bbox 1846 3187 1994 3254; x_wconf 88' lang='lat' dir='ltr'>qua</span> <span class='ocrx_word' id='word_1_199' title='bbox 2021 3167 2369 3253; x_wconf 85' lang='lat' dir='ltr'>religione</span> <span class='ocrx_word' id='word_1_200' title='bbox 2400 3166 2668 3237; x_wconf 86' lang='lat' dir='ltr'>Schoe-</span> 
     </span>
     <span class='ocr_line' id='line_1_26' title="bbox 303 3275 2671 3363; baseline 0.001 -20"><span class='ocrx_word' id='word_1_201' title='bbox 303 3296 530 3343; x_wconf 85' lang='lat' dir='ltr'>mann</span> <span class='ocrx_word' id='word_1_202' title='bbox 542 3275 590 3358; x_wconf 82' lang='lat'>³)</span> <span class='ocrx_word' id='word_1_203' title='bbox 633 3275 816 3343; x_wconf 85' lang='lat' dir='ltr'>haec</span> <span class='ocrx_word' id='word_1_204' title='bbox 872 3275 1072 3344; x_wconf 74' lang='lat' dir='ltr'>dicit:</span> <span class='ocrx_word' id='word_1_205' title='bbox 1136 3276 1235 3342; x_wconf 76' lang='lat' dir='ltr'>Es</span> <span class='ocrx_word' id='word_1_206' title='bbox 1292 3299 1429 3343; x_wconf 85' lang='lat' dir='ltr'>war</span> <span class='ocrx_word' id='word_1_207' title='bbox 1480 3279 1591 3343; x_wconf 80' lang='lat' dir='ltr'>der</span> <span class='ocrx_word' id='word_1_208' title='bbox 1635 3278 1826 3353; x_wconf 66' lang='lat' dir='ltr'>Siron,</span> <span class='ocrx_word' id='word_1_209' title='bbox 1888 3279 2024 3345; x_wconf 76' lang='lat' dir='ltr'>sich</span> <span class='ocrx_word' id='word_1_210' title='bbox 2074 3279 2231 3344; x_wconf 75' lang='lat' dir='ltr'>noch</span> <span class='ocrx_word' id='word_1_211' title='bbox 2280 3280 2520 3346; x_wconf 77' lang='lat' dir='ltr'>einmal</span> <span class='ocrx_word' id='word_1_212' title='bbox 2566 3302 2671 3363; x_wconf 75' lang='lat' dir='ltr'>ye-</span> 
     </span>
     <span class='ocr_line' id='line_1_27' title="bbox 303 3386 2672 3471; baseline 0.001 -18"><span class='ocrx_word' id='word_1_213' title='bbox 303 3386 804 3467; x_wconf 65' lang='lat' dir='ltr'>nwinschaftlich</span> <span class='ocrx_word' id='word_1_214' title='bbox 833 3388 942 3451; x_wconf 84' lang='lat' dir='ltr'>des</span> <span class='ocrx_word' id='word_1_215' title='bbox 970 3387 1546 3471; x_wconf 73' lang='lat' dir='ltr'>Hinyeschiedenen</span> <span class='ocrx_word' id='word_1_216' title='bbox 1586 3390 1831 3454; x_wconf 83' lang='lat' dir='ltr'>liebend</span> <span class='ocrx_word' id='word_1_217' title='bbox 1854 3411 1939 3454; x_wconf 69' lang='lat' dir='ltr'>zu</span> <span class='ocrx_word' id='word_1_218' title='bbox 1966 3393 2263 3456; x_wconf 76' lang='lat' dir='ltr'>erinnem</span> <span class='ocrx_word' id='word_1_219' title='bbox 2291 3392 2426 3456; x_wconf 76' lang='lat' dir='ltr'>und</span> <span class='ocrx_word' id='word_1_220' title='bbox 2466 3394 2672 3456; x_wconf 79' lang='lat' dir='ltr'>seiner</span> 
     </span>
     <span class='ocr_line' id='line_1_28' title="bbox 322 3498 2668 3584; baseline 0.002 -22"><span class='ocrx_word' id='word_1_221' title='bbox 322 3498 684 3565; x_wconf 76' lang='lat' dir='ltr'>Verdienste</span> <span class='ocrx_word' id='word_1_222' title='bbox 720 3500 841 3563; x_wconf 81' lang='lat' dir='ltr'>mit</span> <span class='ocrx_word' id='word_1_223' title='bbox 867 3498 1341 3583; x_wconf 72' lang='lat' dir='ltr'>Anerkennuny</span> <span class='ocrx_word' id='word_1_224' title='bbox 1384 3502 1520 3564; x_wconf 72' lang='lat' dir='ltr'>tmd</span> <span class='ocrx_word' id='word_1_225' title='bbox 1547 3500 1681 3565; x_wconf 78' lang='lat' dir='ltr'>Lob</span> <span class='ocrx_word' id='word_1_226' title='bbox 1722 3521 1808 3565; x_wconf 70' lang='lat' dir='ltr'>zu</span> <span class='ocrx_word' id='word_1_227' title='bbox 1845 3501 2174 3584; x_wconf 72' lang='lat' dir='ltr'>yedenken.</span> <span class='ocrx_word' id='word_1_228' title='bbox 2249 3500 2397 3571; x_wconf 86' lang='lat' dir='ltr'>Sed</span> <span class='ocrx_word' id='word_1_229' title='bbox 2438 3501 2668 3568; x_wconf 89' lang='lat' dir='ltr'>multo</span> 
     </span>
     <span class='ocr_line' id='line_1_29' title="bbox 307 3607 2668 3696; baseline 0.002 -22"><span class='ocrx_word' id='word_1_230' title='bbox 307 3608 642 3676; x_wconf 91' lang='lat' dir='ltr'>subtilius</span> <span class='ocrx_word' id='word_1_231' title='bbox 686 3607 944 3675; x_wconf 86' lang='lat' dir='ltr'>Rohde</span> <span class='ocrx_word' id='word_1_232' title='bbox 958 3609 1007 3689; x_wconf 82' lang='lat'>⁴)</span> <span class='ocrx_word' id='word_1_233' title='bbox 1061 3608 1362 3692; x_wconf 87' lang='lat' dir='ltr'>iudicat,</span> <span class='ocrx_word' id='word_1_234' title='bbox 1410 3610 1538 3696; x_wconf 87' lang='lat' dir='ltr'>qui</span> <span class='ocrx_word' id='word_1_235' title='bbox 1581 3628 1875 3677; x_wconf 90' lang='lat' dir='ltr'>sensum</span> <span class='ocrx_word' id='word_1_236' title='bbox 1918 3609 2138 3678; x_wconf 91' lang='lat' dir='ltr'>huius</span> <span class='ocrx_word' id='word_1_237' title='bbox 2184 3612 2668 3679; x_wconf 88' lang='lat' dir='ltr'>caerimoniae</span> 
     </span>
     <span class='ocr_line' id='line_1_30' title="bbox 305 3718 2669 3805; baseline 0.001 -19"><span class='ocrx_word' id='word_1_238' title='bbox 305 3719 544 3805; x_wconf 90' lang='lat' dir='ltr'>plane.</span> <span class='ocrx_word' id='word_1_239' title='bbox 581 3718 889 3804; x_wconf 85' lang='lat' dir='ltr'>intelligi</span> <span class='ocrx_word' id='word_1_240' title='bbox 949 3739 1098 3785; x_wconf 90' lang='lat' dir='ltr'>non</span> <span class='ocrx_word' id='word_1_241' title='bbox 1156 3739 1368 3805; x_wconf 92' lang='lat' dir='ltr'>posse</span> <span class='ocrx_word' id='word_1_242' title='bbox 1430 3720 1827 3805; x_wconf 87' lang='lat' dir='ltr'>contendit,</span> <span class='ocrx_word' id='word_1_243' title='bbox 1890 3721 2033 3788; x_wconf 89' lang='lat' dir='ltr'>nisi</span> <span class='ocrx_word' id='word_1_244' title='bbox 2092 3723 2361 3790; x_wconf 87' lang='lat' dir='ltr'>mortui</span> <span class='ocrx_word' id='word_1_245' title='bbox 2422 3724 2669 3789; x_wconf 89' lang='lat' dir='ltr'>anima</span> 
     </span>
     <span class='ocr_line' id='line_1_31' title="bbox 307 3830 2665 3921; baseline 0.002 -26"><span class='ocrx_word' id='word_1_246' title='bbox 307 3832 680 3913; x_wconf 81' lang='lat' dir='ltr'>cogitetur,</span> <span class='ocrx_word' id='word_1_247' title='bbox 726 3849 912 3915; x_wconf 88' lang='lat' dir='ltr'>quae</span> <span class='ocrx_word' id='word_1_248' title='bbox 956 3831 1228 3917; x_wconf 89' lang='lat' dir='ltr'>praesit</span> <span class='ocrx_word' id='word_1_249' title='bbox 1256 3830 1486 3916; x_wconf 89' lang='lat' dir='ltr'>epulis</span> <span class='ocrx_word' id='word_1_250' title='bbox 1533 3830 1790 3899; x_wconf 91' lang='lat' dir='ltr'>eodem</span> <span class='ocrx_word' id='word_1_251' title='bbox 1820 3832 2060 3916; x_wconf 89' lang='lat' dir='ltr'>mod0‚</span> <span class='ocrx_word' id='word_1_252' title='bbox 2105 3852 2247 3921; x_wconf 91' lang='lat' dir='ltr'>quo</span> <span class='ocrx_word' id='word_1_253' title='bbox 2281 3833 2397 3900; x_wconf 90' lang='lat' dir='ltr'>dei</span> <span class='ocrx_word' id='word_1_254' title='bbox 2443 3834 2665 3900; x_wconf 89' lang='lat' dir='ltr'>sacri-</span> 
     </span>
     <span class='ocr_line' id='line_1_32' title="bbox 305 3938 2665 4027; baseline 0.002 -21"><span class='ocrx_word' id='word_1_255' title='bbox 305 3938 510 4007; x_wconf 80' lang='lat' dir='ltr'>ficiis,</span> <span class='ocrx_word' id='word_1_256' title='bbox 597 3938 790 4006; x_wconf 85' lang='lat' dir='ltr'>Talis</span> <span class='ocrx_word' id='word_1_257' title='bbox 845 3959 1114 4007; x_wconf 86' lang='lat' dir='ltr'>coenae</span> <span class='ocrx_word' id='word_1_258' title='bbox 1159 3940 1572 4027; x_wconf 85' lang='lat' dir='ltr'>exemplum</span> <span class='ocrx_word' id='word_1_259' title='bbox 1618 3943 1985 4010; x_wconf 87' lang='lat' dir='ltr'>invenitur</span> <span class='ocrx_word' id='word_1_260' title='bbox 2035 3944 2113 4011; x_wconf 91' lang='lat' dir='ltr'>in</span> <span class='ocrx_word' id='word_1_261' title='bbox 2156 3942 2665 4011; x_wconf 87' lang='lat' dir='ltr'>Demosthenis</span> 
     </span>
    </p>
   </div>
   <div class='ocr_carea' id='block_1_4' title="bbox 309 4060 683 4068">
    <p class='ocr_par' dir='ltr' id='par_1_4' title="bbox 309 4060 683 4068">
     <span class='ocr_line' id='line_1_33' title="bbox 309 4060 683 4068; baseline 0 -2"><span class='ocrx_word' id='word_1_262' title='bbox 309 4060 683 4068; x_wconf 40' lang='grc' dir='ltr'>μὴ’-,-</span> 
     </span>
    </p>
   </div>
   <div class='ocr_carea' id='block_1_5' title="bbox 475 4107 1362 4435">
    <p class='ocr_par' dir='ltr' id='par_1_5' title="bbox 475 4107 1362 4435">
     <span class='ocr_line' id='line_1_34' title="bbox 477 4107 1362 4173; baseline -0.002 -11"><span class='ocrx_word' id='word_1_263' title='bbox 477 4110 520 4173; x_wconf 89' lang='lat'>¹)</span> <span class='ocrx_word' id='word_1_264' title='bbox 555 4108 712 4163; x_wconf 79' lang='lat' dir='ltr'>Iliad.</span> <span class='ocrx_word' id='word_1_265' title='bbox 748 4107 942 4161; x_wconf 87' lang='lat' dir='ltr'>XXIV.</span> <span class='ocrx_word' id='word_1_266' title='bbox 981 4126 1054 4162; x_wconf 86' lang='lat' dir='ltr'>vs.</span> <span class='ocrx_word' id='word_1_267' title='bbox 1092 4110 1210 4163; x_wconf 83' lang='lat'>802.</span> <span class='ocrx_word' id='word_1_268' title='bbox 1248 4110 1362 4163; x_wconf 87' lang='grc'><strong>665.</strong></span> 
     </span>
     <span class='ocr_line' id='line_1_35' title="bbox 477 4193 882 4263; baseline -0.005 -16"><span class='ocrx_word' id='word_1_269' title='bbox 477 4196 518 4255; x_wconf 82' lang='lat'>²)</span> <span class='ocrx_word' id='word_1_270' title='bbox 554 4194 590 4247; x_wconf 90' lang='lat' dir='ltr'>l.</span> <span class='ocrx_word' id='word_1_271' title='bbox 628 4211 672 4247; x_wconf 87' lang='lat' dir='ltr'>c.</span> <span class='ocrx_word' id='word_1_272' title='bbox 709 4211 762 4263; x_wconf 92' lang='lat' dir='ltr'>p.</span> <span class='ocrx_word' id='word_1_273' title='bbox 799 4193 882 4247; x_wconf 88' lang='lat'>24.</span> 
     </span>
     <span class='ocr_line' id='line_1_36' title="bbox 475 4278 1349 4349; baseline -0.005 -14"><span class='ocrx_word' id='word_1_274' title='bbox 475 4280 519 4344; x_wconf 81' lang='lat'>³)</span> <span class='ocrx_word' id='word_1_275' title='bbox 556 4278 765 4335; x_wconf 84' lang='lat' dir='ltr'>Griech.</span> <span class='ocrx_word' id='word_1_276' title='bbox 801 4278 994 4334; x_wconf 84' lang='lat' dir='ltr'>Altert.</span> <span class='ocrx_word' id='word_1_277' title='bbox 1033 4279 1100 4331; x_wconf 91' lang='lat' dir='ltr'>II.</span> <span class='ocrx_word' id='word_1_278' title='bbox 1137 4298 1189 4349; x_wconf 85' lang='lat' dir='ltr'>p.</span> <span class='ocrx_word' id='word_1_279' title='bbox 1231 4282 1349 4334; x_wconf 84' lang='lat'>543.</span> 
     </span>
     <span class='ocr_line' id='line_1_37' title="bbox 476 4365 880 4435; baseline -0.005 -16"><span class='ocrx_word' id='word_1_280' title='bbox 476 4367 520 4428; x_wconf 84' lang='lat'>⁴)</span> <span class='ocrx_word' id='word_1_281' title='bbox 556 4365 591 4418; x_wconf 90' lang='lat'>1.</span> <span class='ocrx_word' id='word_1_282' title='bbox 627 4383 670 4419; x_wconf 89' lang='lat' dir='ltr'>c.</span> <span class='ocrx_word' id='word_1_283' title='bbox 708 4382 759 4435; x_wconf 87' lang='lat' dir='ltr'>p.</span> <span class='ocrx_word' id='word_1_284' title='bbox 798 4365 880 4418; x_wconf 82' lang='lat'>24.</span> 
     </span>
    </p>
   </div>
  </div>
 </body>
</html>
