3317 5117
1288 434 1711 496 -15-

311 625 610 690 vielmehr
653 625 786 705 daS,
830 620 1098 703 worauf
1131 644 1197 689 es
1241 622 1578 686 ankommt.
1660 620 1807 685 Das
1854 619 2051 701 Opfer
2093 622 2180 684 ist
2224 620 2452 683 darum
2497 623 2688 683 etwas

316 735 809 819 reyelmdssiqes,
854 735 996 800 weil
1039 735 1152 799 der
1194 732 1461 798 Men-sch
1506 732 1616 796 der
1657 737 1856 796 steten
1895 729 2316 811 Erneueruny
2350 730 2528 811 jener
2565 726 2688 793 Ge-

315 846 690 927 meinschaft
749 848 853 910 nie
903 846 1239 911 embehren
1292 846 1488 918 kanm
1553 848 1669 907 das
1738 840 2002 908 Weihen
2054 842 2142 905 ist
2194 847 2389 905 etwas
2441 859 2687 904 ausser-

313 957 732 1022 ordentliches
779 1005 1100 1023 ......

486 1085 701 1152 Hanc
758 1084 1358 1151 consuetudinem
1413 1081 1855 1149 cotidianam
1903 1078 2355 1146 Graecorum
2408 1077 2685 1145 sacrifi-

315 1197 448 1263 ciis
509 1196 808 1263 infuisse
830 1250 845 1279 ,
922 1215 959 1261 e
1022 1194 1270 1261 multis
1340 1193 1519 1261 locis
1580 1192 1990 1259 litterarum
2065 1189 2373 1274 intelligi
2431 1191 2682 1275 potest.

315 1306 397 1374 E.
445 1326 513 1392 g.
561 1306 649 1374 cf.
695 1306 1000 1374 Homeri
1043 1306 1124 1372 Il.
1174 1304 1252 1372 A.
1301 1324 1403 1370 VS.
1453 1308 1596 1371 422.
1646 1306 1704 1370 3.

574 1444 738 1526 Ζεὺς
779 1444 903 1534 γὰρ
948 1444 1014 1525 ἒς
1051 1438 1358 1514 Ὠκεανὸν
1400 1436 1543 1530 μετ’
1595 1435 1935 1528 ἆμύμονας
1957 1440 2381 1530 Αἰθιοπῆας

571 1555 804 1641 χθιζὸς
848 1556 963 1647 ἒβη
1008 1554 1184 1623 κατὰ
1230 1560 1458 1623 δαῖτα·
1505 1555 1658 1623 θεοὶ
1704 1546 1759 1621 δ’
1785 1546 1923 1639 ἅμα
1970 1547 2212 1631 πάντες
2258 1551 2517 1619 ἕποντο.

487 1708 645 1775 Iam
709 1707 1117 1774 evidentius
1181 1705 1362 1773 haec
1425 1725 1540 1771 res
1595 1705 2135 1772 demonstratur
2178 1702 2433 1770 Iliadis
2496 1700 2685 1769 loco:

333 1821 407 1880 Ψ.
454 1838 558 1886 VS.
608 1822 752 1901 207,
800 1838 942 1904 quo
988 1817 1127 1885 Iris
1173 1836 1251 1883 se
1297 1817 1663 1884 abituram
1708 1835 1863 1883 esse
1913 1815 2114 1885 dicit:

925 1961 1034 2025 ἵνα
1080 1956 1160 2048 δὴ
1205 1957 1323 2024 καὶ
1365 1955 1859 2042 μεταδαίσομαι
1902 1960 2073 2043 ι’ρων.

491 2106 728 2187 Quam
755 2105 1207 2175 Graecorum
1227 2107 1640 2193 opinionem
1670 2108 1864 2173 recte
1897 2106 2252 2191 expressit
2269 2104 2687 2172 Athenaeus

315 2218 475 2301 (363
509 2219 614 2301 d):
677 2212 757 2283 Oi
806 2206 860 2281 δ’
915 2206 1177 2301 ἀρχαῖοι
1221 2214 1339 2280 καὶ
1382 2210 1532 2291 τούς
1573 2211 1773 2292 θεοὺς
1827 2205 2350 2299 ἀνθρωποειδεῖς
2393 2203 2690 2297 ὑποστη-

320 2321 592 2409 σάμενοι
636 2324 751 2390 καὶ
796 2322 880 2391 τοὶ
925 2324 1081 2411 περὶ
1125 2321 1244 2403 τὰς
1297 2321 1524 2411 ἑορτὰς
1566 2324 1903 2407 διέταξαν,
1966 2316 2233 2412 δρῶντες
2276 2318 2399 2410 γὰρ
2444 2312 2532 2399 ὡς
2575 2322 2689 2408 τῆς

313 2436 432 2520 μὲν
493 2435 612 2501 ἐπὶ
674 2433 794 2515 τὰς
856 2427 1264 2515 ἆπολαῦσεις
1325 2427 1526 2524 ὁρμῆς
1588 2427 1701 2519 οὐχ
1756 2428 1895 2503 οἷόν
1956 2461 2026 2504 τε
2076 2432 2226 2515 τούς
2282 2426 2688 2520 ἀνθρώπους

317 2538 728 2635 ἀποστῆσαι,
782 2541 1097 2635 χρήσιμον
1141 2547 1213 2613 δὲ
1255 2546 1372 2612 καὶ
1417 2546 1747 2635 συμφέρον
1788 2552 1930 2626 τοῖς
1981 2542 2308 2625 τοιούτοις
2364 2536 2687 2621 εὐτάκτως

316 2657 434 2724 καὶ
477 2655 768 2742 κοσμίως
795 2655 1048 2739 ἐθίζειν
1074 2660 1388 2745 χρῆσθαι,
1431 2653 1655 2743 χρόνον
1696 2648 2127 2745 ἀφορίσαντες
2158 2658 2275 2724 καὶ
2317 2660 2455 2734 τοῖς
2499 2658 2688 2733 θεοῖς

316 2763 776 2855 προθύσαντες
795 2820 808 2847 ,
887 2759 1053 2834 οὕτω
1111 2770 1423 2855 μεθῆκαν
1487 2759 1723 2846 αὖτοὺς
1782 2766 1876 2845 εἰς
1940 2761 2181 2851 ἄνεσιν,
2259 2758 2346 2833 ἵν’
2414 2767 2687 2843 ἕκαστος

314 2870 700 2967 ἡγούμενος,
763 2870 941 2965 ’ἥκειν
999 2875 1150 2957 τούς
1194 2875 1390 2957 θεοὺς
1449 2877 1566 2945 ἐπὶ
1626 2876 1787 2956 τοὶς
1850 2870 2259 2966 ἀπαρχὰς
2318 2880 2469 2945 καὶ
2531 2879 2686 2962 τὰς

319 2986 785 3072 σπονδάςῙ)
829 2986 993 3071 μετὰ
1040 2986 1267 3067 αἰδοῦς
1309 2985 1426 3076 τὴν
1472 2986 1819 3055 συνουσίαν
1863 2994 2167 3077 ποιῆται.

489 3118 766 3200 Quibus
823 3121 895 3186 in
946 3120 1186 3187 verbis
1239 3120 1402 3206 ipsa
1455 3121 1897 3188 consuetudo
1955 3116 2265 3184 συνουσία
2312 3124 2681 3208 premitur,
2746 3159 2753 3163 ·

317 3233 523 3299 cuius
570 3232 862 3315 signum
907 3229 1348 3297 sacrificium
1391 3230 1813 3298 habendum
1858 3235 1981 3297 est.

488 3357 650 3439 Qua
711 3379 788 3426 re
853 3358 1144 3443 cognita
1206 3357 1439 3423 multa
1489 3357 1703 3425 facile
1756 3358 2262 3443 intelliguntur
2322 3381 2469 3427 non
2530 3366 2683 3429 tam

317 3468 676 3550 sacrificii,
724 3489 944 3555 quam
987 3468 1384 3551 libationiS‚
1442 3488 1627 3554 quae
1675 3489 1820 3555 qua
1864 3470 2142 3537 ratione
2198 3471 2290 3537 sit
2334 3471 2681 3557 adhibita,

317 3600 512 3647 nunc
574 3579 820 3666 paullo
895 3578 1306 3646 accuratius
1368 3582 1921 3664 perscrutemur.
2029 3577 2241 3659 Quod
2312 3585 2388 3647 ut
2462 3603 2683 3669 quam

319 3690 582 3775 optime
627 3689 1072 3775 perficiatur,
1118 3690 1192 3755 in
1248 3690 1390 3755 tria
1433 3691 1673 3775 capita
1717 3690 2152 3758 distribuam
2196 3691 2385 3759 hanc
2434 3693 2681 3780 dispu-

315 3802 662 3867 tationem
707 3803 777 3866 et
830 3802 1149 3886 primum
1191 3800 1374 3867 mihi
1424 3801 1847 3868 tractandae
1895 3806 2063 3867 sunt
2107 3823 2233 3869 eae
2277 3801 2679 3886 libationeS‚

317 3929 498 3997 quas
547 3910 942 3977 offerebant
983 3910 1313 3978 homines
1360 3909 1534 3977 deis,
1968 3888 1997 3903 x

499 4100 538 4154 Γ)
573 4096 718 4150 Haec
752 4098 910 4149 verba
947 4098 1014 4149 iis
1049 4098 1178 4150 locis
1217 4097 1457 4150 addenda
1493 4101 1632 4162 sunt,
1672 4115 1799 4166 quos
1838 4116 1996 4168 supra
2041 4099 2261 4167 protuli,
2307 4116 2426 4153 cum
2472 4100 2536 4153 de
2571 4101 2679 4170 pri⁶

316 4182 484 4235 mitiis
519 4182 763 4235 libationi
799 4183 1092 4236 coniunctis
1131 4182 1409 4253 disputavi.

1294 4374 1701 4381 ψ*
