3317 5117
1596 375 2023 437 —48.-

645 563 854 627 Obhut
906 562 1174 641 yestellt.
1267 559 1468 639 Quae
1534 562 1779 626 omnia
1837 559 1960 626 ille
2024 581 2087 624 v.
2138 559 2204 625 d.
2270 579 2359 625 ex
2417 558 2778 625 Athenaei
2835 558 3001 625 loco

641 672 1074 740 concludere
1119 672 1423 754 videtur,
1472 672 1597 757 qui
1642 671 1842 737 dicit:
1908 664 2203 746 σπονδὰς
2246 666 2594 733 ἐποιοῦντο
2634 658 2829 754 Ἑρμῇ
2884 666 3001 731 καὶ

639 781 751 862 οὔχ
794 775 882 859 ὡς
925 772 1186 865 ὕστερον
1229 779 1346 847 Διὶ
1392 777 1630 865 τελείῳ.
1724 780 1868 849 8οἀ
1920 780 2037 848 1113
2078 783 2157 849 111
2202 783 2443 849 verbis
2488 802 2648 848 meo
2705 781 3002 867 quidem

641 895 910 962 iudicio
956 894 1210 961 eodem
1253 894 1470 960 modo
1512 894 1820 979 oppositi
1864 892 1974 959 illi
2019 893 2137 959 dei
2182 893 2485 977 cogitari
2530 895 2855 979 possunt,
2912 912 3003 958 ac

643 1007 1060 1091 comparati.
1166 1004 1420 1090 Itaque
1484 1024 1652 1071 cum
1712 1003 2105 1085 MercuriO,
2169 1006 2522 1089 quantum
2585 1003 2771 1086 sci0,
2834 1002 3003 1068 talis

640 1118 984 1202 potestas,
1033 1135 1178 1201 qua
1220 1115 1629 1200 praeditum
1676 1134 1843 1180 eum
1886 1113 2190 1180 Nitzsch
2235 1114 2596 1199 opinatur,
2654 1113 2795 1179 alio
2839 1113 3004 1180 loco

641 1246 787 1291 non
851 1227 1321 1307 attribuatur,
1398 1225 1769 1310 equidem,
1844 1224 2087 1310 quoad
2149 1226 2459 1290 certiora
2519 1224 3006 1305 inveniantur,

643 1339 836 1403 nitar
877 1335 1241 1402 Mercurio
1289 1355 1618 1401 somnum
1676 1336 2082 1420 praebente.
2104 1333 2153 1416 ¹)
2198 1372 2279 1379 -
2326 1333 2491 1402 Huc
2534 1335 2665 1400 illa
2717 1355 3008 1421 quoque

650 1449 926 1533 spectat
970 1448 1314 1532 quaestio,
1361 1466 1547 1532 quae
1577 1446 1659 1511 fit
1705 1446 1793 1512 de
1825 1446 1993 1511 vino
2026 1446 2272 1527 mixtO,
2321 1445 2516 1531 quod
2547 1446 2625 1512 in
2669 1446 3005 1512 convivio

645 1557 1008 1624 Mercurio
1073 1557 1208 1622 soli
1261 1556 1567 1624 libatum
1631 1576 1786 1623 esse
1834 1556 2071 1624 Schol.
2128 1557 2346 1623 Arist.
2405 1556 2588 1623 Plut.
2655 1577 2756 1622 vs.
2820 1560 3005 1623 1132.

646 1668 934 1755 profert.
1029 1667 1172 1736 Sed
1237 1666 1588 1751 Stengel2)
1668 1668 2003 1733 omnibus
2077 1668 2505 1733 testimoniis
2575 1668 3011 1734 examinatis

649 1782 900 1845 vinum
962 1780 1269 1846 effusum
1331 1798 1486 1844 esse
1548 1779 1858 1844 mixtum
1913 1779 2247 1845 omnibus
2304 1778 2457 1844 deis
2509 1780 2666 1845 iure
2729 1780 3009 1859 statuit3

647 1911 929 1957 merum
993 1889 1316 1956 oblatum
1378 1910 1522 1955 non
1587 1909 1779 1971 esse,
1844 1890 1986 1956 nisi
2055 1890 2130 1955 in
2192 1890 2349 1956 iure
2419 1889 2729 1955 iurando
2792 1892 3011 1975 atque

647 2004 721 2068 in
784 2002 1130 2068 libatione
1196 1989 1500 2083 Ἀγαθοῦ
1569 1994 1896 2080 δαίμονος.
1966 2037 2037 2043 -
2104 1998 2299 2065 Nam
2371 2000 2790 2084 scholiasta,
2863 2021 3009 2086 quo

651 2113 804 2179 solo
857 2113 1110 2179 nititur
1163 2113 1403 2198 opinio
1448 2111 1578 2177 illa
1620 2111 1834 2195 falsa,
1898 2132 2044 2176 non
2098 2115 2291 2178 recte
2351 2112 2704 2179 intellexit
2754 2115 3011 2198 poetae

650 2225 900 2291 verba:
967 2216 1144 2303 οἶμοι
1208 2219 1279 2285 δὲ
1339 2214 1600 2297 κύλικος
1658 2216 1807 2285 ἴσον
1866 2216 1992 2305 ἴσῳ
2052 2220 2469 2307 κεκραμένης,
2539 2224 2669 2291 ubi
2731 2223 3012 2290 dictum

651 2338 776 2417 est,
822 2336 1029 2420 queri
1072 2334 1544 2417 Mercurium,
1593 2354 1668 2400 se
1713 2355 1859 2400 non
1901 2336 2258 2420 recepisse
2305 2335 2456 2400 vini
2498 2334 2877 2401 libationes
2923 2369 3011 2379 —

655 2446 916 2531 quibus
971 2444 1224 2511 eodem
1273 2445 1492 2510 modo
1564 2446 1908 2511 carebant
1970 2445 2087 2511 dei
2140 2465 2390 2511 omnes
2440 2482 2515 2489 —
2575 2448 2788 2531 atque
2842 2464 3015 2510 cum

653 2557 1070 2639 gratissima
1113 2555 1252 2622 sibi
1295 2556 1387 2621 sit
1432 2556 1681 2622 libatio
1726 2549 1871 2618 ἴσον
1924 2549 2048 2639 ἴσῳ
2092 2553 2474 2639 κεκραμένη,
2523 2576 2708 2643 01130
2752 2555 3016 2621 ultima

653 2667 1238 2749 effundebaturss),
1287 2666 1476 2734 hanc
1522 2668 1760 2752 ipsam
1790 2671 2001 2733 vocat
2044 2669 2303 2751 lugens
2334 2668 2756 2735 Mercurius.

823 2775 1011 2857 Quid
1035 2778 1274 2844 dicam
1305 2778 1392 2843 de
1413 2778 1881 2844 libationibus
1901 2778 2167 2844 Vestae
2190 2778 2489 2844 oblatis?
2522 2777 2802 2858 Omnia,
2824 2797 3013 2863 quae

652 2891 1008 2975 pertinent
1027 2889 1121 2954 ad
1139 2888 1330 2954 hanc
1353 2890 1866 2973 quaestionem,
1898 2890 2048 2954 13111
2079 2889 2315 2955 attulit
2345 2888 2669 2955 Preuner
2702 2887 3016 2970 (Hestia-

657 2999 882 3066 Vesta
921 3020 987 3085 p.
1044 3005 1073 3064 1
1123 3019 1275 3086 sqq.
1325 3002 1394 3065 et
1435 2999 1632 3065 idem
1679 2999 1874 3085 apud
1917 2999 2394 3065 Roscherum:
2450 2999 2750 3085 Mythol.
2798 2998 3016 3065 Lexi-

657 3131 793 3177 con
823 3131 890 3196 p.
911 3115 1078 3177 2615
1099 3109 1298 3197 300.).
1345 3109 1615 3176 Tamen
1634 3109 1772 3177 hoc
1805 3109 1964 3176 loco
2000 3111 2313 3177 breviter
2342 3131 2792 3195 componam,
2826 3131 3016 3196 quae

655 3222 989 3288 omnibus
1020 3222 1237 3288 rebus
1269 3221 1764 3303 consideratiS,
1796 3221 2178 3287 statuenda
2207 3225 2391 3287 sunt.
2452 3223 2730 3289 Auctor
2757 3221 3019 3307 hymni

655 3332 1027 3399 Homerici
1078 3334 1154 3397 in
1208 3331 1507 3397 Vestam
1523 3331 1569 3413 ⁴)
1626 3330 1797 3398 huic
1855 3332 2029 3397 deae
2083 3332 2390 3398 libatum
2452 3353 2607 3399 esse
2660 3334 2736 3400 in
2782 3332 3018 3418 epulis

833 3502 868 3567 ¹)
907 3500 982 3555 Cf.
1019 3501 1249 3568 Kriiger:
1286 3501 1455 3553 Jahns
1491 3501 1675 3554 Jahrb.
1715 3502 1748 3554 f.
1787 3501 1975 3554 Philol.
2019 3501 2164 3554 1863.
2202 3519 2252 3570 p.
2293 3502 2393 3555 293
2430 3520 2541 3573 sqq.
2579 3505 2635 3556 et
2668 3502 2727 3555 E.
2766 3501 3019 3556 Curtius:

661 3586 819 3640 Asch.
854 3588 971 3652 ztg.
1012 3586 1144 3639 1875
1179 3604 1230 3655 p.
1267 3587 1302 3638 4
1338 3604 1450 3655 sqq.

833 3673 875 3738 ²)
911 3673 1134 3725 Hermes
1169 3672 1337 3724 XVII.
1379 3691 1426 3740 p.
1465 3673 1564 3725 329
1603 3690 1717 3741 sqq.

831 3758 872 3823 3)
910 3758 987 3813 Cf.
1026 3758 1262 3825 Stengel:
1305 3756 1639 3811 Grieohische
1676 3757 2044 3810 Sakralaltert.
2084 3775 2133 3827 p.
2174 3759 2239 3811 72
2277 3776 2389 3827 sqq.

831 3845 872 3908 ⁴)
908 3843 1098 3895 XXIX.
1138 3859 1210 3894 vs.
1252 3842 1296 3894 1.
1336 3859 1473 3910 sqq.:

1199 3922 1384 3995 Ἱστίη,
1424 3924 1456 3995 ἣ
1492 3922 1729 3979 πάντων
1764 3925 1829 3980 ἐν
1867 3924 2125 3993 δώμασιν
2163 3923 2475 3997 ὑψηλοῖσιν

1204 4007 1524 4065 α’θανοὶτων
1561 4030 1623 4065 τε
1660 3996 1835 4075 θεῶν,
1870 4014 2053 4081 χαμαὶ
2091 4009 2419 4081 ἐρχομένων
2460 4006 2851 4082 τὀἷνθρώπων

1219 4091 1386 4167 ἕδρην
1425 4088 1618 4150 ἀΐδιον
1655 4091 1855 4166 ἔλαχες
1891 4094 2212 4167 πρεσβηίδα
2251 4093 2421 4167 τιμήν
2458 4136 2673 4148 .....

1205 4177 1393 4237 καλὸν
1431 4176 1646 4251 ἔχουσα
1687 4179 1855 4252 γέρας
1892 4184 1991 4235 καὶ
2026 4178 2313 4252 τιμήν·οὗ
2352 4181 2463 4253 γὰρ
2500 4173 2643 4252 ἄτερ
2681 4188 2787 4236 σοῦ

1212 4266 1510 4323 εἰλαπίναι
1546 4272 1865 4337 θνητοῖσιν,
1902 4264 1975 4321 ‘lv’
2016 4263 2083 4321 οὐ
2122 4265 2320 4339 πρώτῃ
2358 4265 2591 4338 πυμάτῃ
2627 4286 2689 4325 τε

1208 4349 1380 4422 Ἱστίῃ
1417 4348 1745 4421 ἀρχόμενος
1786 4349 2010 4407 σπένδει
2048 4350 2320 4421 μελιηδεά
2361 4348 2525 4408 οἶνον
2562 4394 2572 4405 .
2615 4394 2625 4404 .
2667 4394 2676 4403 .
