3317 5117
1602 426 2020 489 -10-

625 610 983 695 religione
1012 611 1400 697 peregrina
1444 609 1770 691 imbutiS,
1824 608 2268 695 Thucydidis
2288 611 2333 691 ¹)
2378 610 2622 678 locum
2668 613 2997 697 spectare

629 720 970 807 equidem
1030 740 1468 807 persuasum
1527 720 1873 804 habe0‚2)
1938 741 2382 807 quamquam
2446 721 2995 790 concedendum

627 834 752 914 est,
799 830 1004 897 illam
1048 831 1433 899 lectionem
1477 831 1779 899 dubiam
1825 851 1998 899 esse.

802 940 1003 1022 Quae
1035 963 1203 1009 cum
1246 944 1349 1009 ita
1383 943 1542 1025 sint,
1591 942 2059 1009 statuendum
2088 962 2245 1010 esse
2287 942 2471 1010 mihi
2500 943 2803 1025 videtur,
2849 944 2994 1029 pri-

627 1073 834 1119 mum
876 1052 1099 1119 fuisse
1147 1050 1598 1120 Graecorum
1653 1052 2123 1133 sacrificium,
2186 1054 2259 1119 in
2324 1074 2467 1140 quo
2528 1054 2777 1138 fruges
2840 1054 2998 1122 deis

629 1163 1115 1249 ponebantur,
1178 1165 1252 1231 in
1319 1183 1501 1249 quas
1562 1163 1815 1237 libatio
1877 1163 2116 1232 fiebat.
2215 1164 2479 1233 Postea
2532 1170 3000 1232 accesserunt

628 1294 755 1341 eae
787 1274 1288 1357 caerimoniae,
1334 1275 1411 1341 in
1444 1275 1709 1360 quibus
1740 1275 1932 1359 ignis
1963 1274 2517 1357 incendebatur3
2574 1278 2789 1361 atque
2822 1295 2992 1341 con-

632 1385 730 1452 ici
773 1385 960 1467 licet,
1005 1386 1326 1470 primum
1369 1388 1485 1451 tus
1519 1384 1920 1472 odoresque
1935 1388 1986 1463 ³)
2031 1388 2186 1452 tum
2217 1386 2551 1453 victimas
2581 1386 2999 1453 immolatas

635 1497 789 1563 deis
855 1497 1272 1562 combustas
1319 1515 1492 1563 esse.
1584 1495 1745 1562 Iam
1787 1496 2091 1564 Homeri
2134 1498 2463 1563 carmina
2505 1498 2727 1564 ritum
2786 1496 2999 1563 illum

626 1607 1000 1693 praebent,
1048 1607 1174 1693 qui
1221 1608 1466 1673 omnia
1511 1626 1891 1673 sacrorum
1934 1626 2207 1692 genera
2252 1608 2643 1691 coniungit.

801 1716 1084 1785 Summi
1127 1718 1475 1785 momenti
1519 1720 1644 1801 est,
1694 1717 1831 1785 hoc
1875 1718 2035 1785 loco
2083 1738 2321 1805 pauca
2364 1719 2601 1785 facere
2634 1719 2859 1785 verba
2903 1718 2997 1785 de

627 1830 1131 1915 antiquissimo
1178 1828 1679 1895 Romanorum
1726 1828 1943 1912 culm,
2000 1832 2207 1897 cuius
2254 1830 2735 1897 caerimoniae
2780 1829 3001 1915 plane

625 1940 1064 2026 respondere
1128 1939 1466 2006 videntur
1527 1940 1644 2023 113,
1711 1960 1891 2026 quas
1958 1941 2497 2027 antiquissimas
2546 1938 2999 2007 Graecorum

629 2050 1049 2116 statuendas
1091 2069 1247 2116 esse
1294 2070 1570 2117 cense0.
1650 2049 1864 2129 Quod
1906 2052 2176 2117 mirum
2225 2050 2644 2117 habendum
2674 2071 2820 2117 non
2866 2055 2994 2133 est,

628 2161 975 2247 quoniam
1030 2161 1350 2229 dubitari
1392 2181 1539 2228 non
1582 2165 1844 2248 potest,
1911 2164 2087 2247 quin
2134 2165 2439 2247 utraque
2484 2181 2661 2245 gens
2707 2162 2858 2228 iam
2899 2162 2996 2227 iis

628 2271 1094 2357 temporibus
1143 2273 1407 2357 quibus
1454 2271 1782 2338 nondum
1830 2275 1986 2339 erat
2028 2274 2106 2338 in
2136 2291 2343 2338 suam
2377 2292 2704 2358 quaeque
2742 2271 2997 2358 penin-

631 2382 870 2448 sulam
912 2382 1256 2468 profecta‚
1303 2382 1578 2448 eisdem
1609 2402 1746 2448 usa
1775 2383 1867 2449 sit
1898 2383 2357 2449 caerimoniis
2389 2382 2776 2467 religiosi83
2821 2401 2997 2447 nam

629 2512 852 2578 supra
896 2491 1235 2575 vidimuS,
1280 2492 1895 2559 verisimillimum
1940 2513 2115 2574 esse,
2162 2512 2377 2560 voces
2408 2487 2646 2573 λείβειν
2687 2496 2756 2559 et
2796 2494 3005 2557 libare

628 2602 883 2670 eodem
929 2622 1148 2669 sensu
1194 2622 1348 2669 esse
1396 2601 1761 2669 adhibitas
1808 2604 2065 2688 priscis
2111 2604 2573 2689 temporibus,
2663 2602 2999 2670 Primum

625 2713 990 2799 inspiciam,
1038 2732 1223 2799 quae
1257 2712 1474 2779 refert
1503 2712 1941 2780 Plutarchus
1978 2712 2259 2795 (Numa
2290 2715 2382 2794 8):
2432 2702 2827 2795 ἀναίμακτοι
2874 2708 3002 2796 γὰρ

625 2810 794 2909 ἦσαν
840 2823 920 2885 αἵ
959 2846 1028 2906 γε
1071 2819 1326 2885 πολλοὶ
1372 2822 1502 2905 (Sc.
1549 2818 1849 2907 θυσίαι),
1915 2811 2008 2886 δι>
2059 2812 2341 2909 ἇλφίτου
2386 2821 2504 2886 καὶ
2550 2823 2839 2905 σπονδῆς
2880 2822 3001 2886 καὶ

627 2946 756 2997 τῶν
787 2927 1254 2997 εὐτελεστάτων
1286 2929 1753 3017 πεποιημέναι.
1832 2933 2111 3015 Quibus
2144 2956 2182 3002 e
2214 2936 2455 3003 verbis
2487 2935 2770 3003 elucere
2800 2938 3003 3021 puto,

631 3046 762 3113 illa
827 3066 1067 3128 sacra,
1133 3064 1318 3131 quae
1375 3065 1419 3110 a
1471 3044 1721 3113 Numa
1785 3046 2113 3112 instituta
2166 3046 2508 3132 pleraque
2568 3045 2842 3114 fiebant
2902 3034 2995 3107 δι’

633 3146 914 3241 ἀλφίτου
959 3152 1075 3217 καὶ
1122 3154 1431 3241 σπονδῆς,
1478 3157 1910 3242 perantiqua
1952 3156 2203 3239 fuisse3
2249 3156 2325 3223 id
2373 3155 2567 3243 quod
2615 3156 2757 3224 alio
2803 3158 3001 3223 testi-

632 3268 876 3333 monio
921 3266 1202 3333 firmari
1245 3270 1494 3353 potest.
1571 3266 1767 3333 Nam
1797 3267 2193 3353 Dionysius
2225 3267 2717 3334 Halicarnass
2769 3268 3002 3347 (Anti-

637 3379 810 3463 quit.
853 3398 1030 3444 rom.
1064 3377 1155 3444 ΙΙ.
1203 3377 1480 3445 ΧΧΙΙΙ.
1530 3383 1589 3443 4.
1630 3378 1715 3459 5),
1762 3379 1889 3444 ubi
1936 3378 2024 3444 de
2054 3378 2341 3445 Numae
2386 3379 2729 3445 institutis
2778 3378 3009 3445 disse-

817 3601 853 3663 ¹)
888 3600 931 3653 1.
972 3600 1086 3653 126.

814 3703 857 3767 ²)
895 3701 972 3755 Cf.
1007 3701 1304 3755 Hermann:
1344 3699 1746 3755 Gottesdienstl.
1786 3700 2151 3755 Altertiimer.'²
2186 3718 2235 3771 p.
2274 3702 2391 3767 403,
2428 3699 2742 3754 Schemann.
2780 3701 2814 3753 1.
2853 3718 2895 3753 c.
2934 3700 3005 3753 Π.

645 3804 698 3857 p.
735 3786 854 3839 487.

813 3888 855 3955 ³)
892 3886 968 3943 Cf.
1005 3888 1281 3941 Hermann
1317 3887 1354 3941 1.
1391 3904 1432 3942 c.
1470 3905 1524 3957 p.
1563 3888 1677 3941 141.
1750 3888 1865 3941 Hoc-
1918 3888 2145 3941 alterum
2200 3887 2444 3941 sacrificii
2498 3904 2667 3954 genus
2716 3887 3007 3956 significari

639 3991 823 4028 censeo
859 3974 1156 4027 Pausaniae
1192 3974 1380 4039 vei-bie,
1417 3972 1510 4026 ubi
1545 3973 1677 4026 dicit
1712 3972 1777 4027 de
1811 3973 2057 4026 Eleorum
2091 3973 2343 4040 religione
2380 3973 2463 4040 (V.
2500 3972 2573 4026 15.
2603 3974 2682 4038 6):
2712 3968 3010 4028 Ἕκοίστου

641 4057 702 4113 δὲ
741 4049 900 4123 ἅπαξ
934 4063 1041 4113 τοῦ
1073 4054 1256 4129 μηνὸς
1296 4055 1538 4113 θύουσιν
1575 4056 1670 4113 ἐπὶ
1705 4056 1945 4113 πάντων
1980 4060 2186 4113 Ηλεῖοι
2225 4063 2341 4113 τῶν
2388 4055 2853 4127 κατειλεγμένων
2890 4062 3003 4127 βω-

639 4144 780 4210 μῶν.
838 4139 1046 4199 θύουσι
1077 4142 1138 4197 δὲ
1163 4140 1410 4215 οἷρχαϊόν
1436 4163 1564 4198 τινα
1589 4140 1813 4215 τρόπον
1830 4158 1841 4170 ·
1872 4138 2199 4214 λιβανωτὸν
2222 4139 2337 4215 γὰρ
2364 4138 2516 4211 ὁμοῦ
2542 4150 2751 4215 πυροῖν
2785 4162 3015 4213 μεμαγ-

638 4224 839 4297 μένοις
874 4226 1064 4297 μέλιτι
1116 4231 1411 4297 θυμιῶσιν
1465 4225 1558 4285 ἐπὶ
1613 4229 1732 4284 τῶν
1773 4233 1999 4297 Βωμῶν.
2038 4226 2272 4285 τιθέασι
2312 4229 2374 4283 δὲ
2410 4230 2509 4284 καὶ
2534 4232 2763 4293 κλῶνας
2800 4226 3008 4293 ἐλαίας

640 4308 938 4369 ἐπάὐτῶν
972 4316 1071 4369 καὶ
1109 4310 1250 4388 οἴνῳ
1283 4314 1536 4386 χρῶνται
1577 4318 1816 4385 σπονδῇ.
1890 4314 1964 4370 Cf.
2006 4314 2068 4370 G.
2107 4315 2325 4370 Curtius
2359 4316 2393 4367 l.
2436 4333 2476 4368 c.
2516 4334 2566 4384 p.
2593 4316 2691 4368 259
2718 4318 2774 4369 et
2807 4314 3016 4370 Athen.

640 4400 762 4453 XII.
817 4401 935 4454 510.
