3317 5117
1585 404 2014 465 ...22-

625 587 740 655 vel
804 586 1296 655 adolescentes
1357 586 1524 669 filii,
1601 588 1820 654 amici
1848 589 1920 668 ¹),
1992 588 2117 673 qui
2180 605 2403 672 equos
2425 588 2475 667 2)
2538 606 2827 674 quoque
2869 586 2991 653 vel

623 717 841 767 canes
853 700 905 777 3)
953 699 1242 765 ducunt.
1335 698 1712 765 Invenitur
1764 698 1982 765 etiam
2028 717 2314 779 currus,
2371 698 2497 783 qui
2540 700 2828 784 praesto
2880 702 2995 763 est

625 808 774 878 filio
807 809 1265 877 adolescenti.
1283 809 1338 890 ⁴)
1414 808 1950 895 Saepenumero
1995 810 2095 890 fit,
2140 813 2221 875 ut
2264 829 2397 895 pro
2445 808 2754 894 virgine,
2802 828 2995 894 quae

626 920 734 987 illi
778 919 1158 1002 ministrat,
1205 918 1534 987 Victoria.
1576 920 1813 1006 posita
1856 921 1966 1001 sit,
1992 920 2041 1000 5)
2088 919 2177 986 de
2224 939 2372 1005 qua
2398 921 2548 986 iam
2593 938 2806 1005 saepe
2846 918 2993 986 dis-

631 1033 960 1117 putatum
1022 1033 1148 1098 est.
1257 1030 1401 1099 Sed
1469 1031 1775 1099 dubium
1844 1050 2001 1098 esse
2065 1051 2210 1097 non
2282 1034 2546 1117 potest,
2622 1031 2797 1117 quin
2866 1030 3001 1097 illa

629 1141 1055 1228 plerumque
1103 1141 1318 1224 adsit,
1383 1145 1463 1207 ut
1505 1142 1981 1227 significetur,
2050 1141 2325 1209 bellum
2368 1141 2486 1209 vel
2530 1143 2667 1209 iter
2710 1141 2997 1209 felicem

634 1252 1052 1319 habiturum
1105 1271 1261 1319 esse
1313 1255 1604 1321 exitum.
1629 1255 1679 1334 ⁶)
1755 1252 2160 1320 Victoriam
2202 1254 2279 1319 in
2324 1252 2552 1320 sacris
2579 1252 2999 1319 ministran-

632 1368 780 1430 tem
810 1384 978 1431 culn
1006 1364 1310 1431 vascula
1340 1364 1762 1451 quaedauss)
1795 1367 1949 1430 tum
1980 1384 2069 1430 ea
2098 1364 2464 1449 praebent,
2498 1382 2683 1450 quae
2716 1362 3000 1449 sculpta

635 1477 804 1542 sunt
846 1474 921 1541 in
966 1475 1209 1561 pluteo
1254 1475 1507 1562 templi
1535 1475 1909 1542 Minervae
1942 1474 2310 1541 Victoriae
2354 1475 2431 1541 in
2462 1494 2630 1542 arce
2675 1473 3001 1541 Athena-

636 1606 802 1652 rum
846 1585 1187 1664 dedicati‚
1250 1586 1380 1653 ubi
1426 1585 1795 1653 Victoriae
1842 1586 2087 1652 omnia
2124 1585 2222 1652 ad
2266 1586 2709 1653 sacrificium
2754 1605 3003 1653 neces-

637 1696 834 1763 saria
888 1716 1312 1783 comparare
1363 1697 1721 1764 videntur.
1747 1700 1796 1779 8)
1884 1698 1985 1764 At
2034 1697 2195 1763 fieri
2247 1716 2487 1784 posse,
2551 1699 2631 1763 ut
2674 1694 3008 1763 Victoria

638 1805 832 1875 adsit
861 1807 957 1873 ad
987 1809 1369 1875 victoriam
1396 1812 1686 1895 partam
1713 1808 2205 1889 indicandam,
2236 1828 2449 1874 nemo
2480 1807 2793 1891 negabit.
2860 1806 3009 1875 Sed

641 1916 780 1984 hoc
823 1937 988 1984 eam
1029 1920 1264 2003 tangit
1323 1920 1846 2004 quaestionem,
1909 1922 2157 1984 utrum
2202 1918 2452 1984 libatio
2514 1916 2709 1984 fact-a
2752 1917 2872 1998 sit,
2926 1920 3011 1982 ut

640 2029 920 2112 gratiae
997 2034 1310 2112 agantur
1385 2031 1538 2097 deis
1613 2050 1860 2096 necne.
1982 2027 2143 2108 Qua
2203 2030 2279 2095 in
2342 2049 2420 2095 re
2482 2027 2623 2094 hoc
2685 2031 3009 2113 tempore

645 2158 894 2206 omnes
949 2162 1063 2206 VV.
1128 2142 1245 2208 dd.
1311 2142 1716 2209 consentire
1774 2143 1977 2228 puto,
2038 2140 2350 2206 inveniri
2407 2141 2478 2205 et
2535 2139 2733 2205 locos
2783 2138 3011 2224 scrip-

644 2253 887 2319 torum
949 2258 1021 2320 et
1064 2258 1562 2336 monumenta,
1626 2272 1813 2339 quae
1858 2251 1997 2317 hoc
2041 2250 2365 2332 firmant,
2430 2250 2765 2336 quamvis
2812 2268 3013 2328 rar03

647 2367 778 2435 sed
820 2368 895 2433 in
925 2365 1234 2453 petendo
1264 2364 1709 2446 libationem,
1756 2363 1832 2429 in
1871 2362 2112 2447 gratia
2139 2360 2519 2428 referenda
2548 2358 3016 2427 anathemata

649 2477 868 2565 vulgo
908 2480 985 2546 in
1015 2496 1155 2543 usu
1182 2476 1426 2558 fuisse,
1471 2474 1721 2541 multis
1751 2473 2178 2540 testimoniis
2207 2472 2574 2558 probatur.
2650 2469 3016 2557 Equidem

647 2593 951 2665 Homeri
994 2587 1248 2657 Iliadis
1293 2586 1538 2652 locum
1584 2584 1904 2665 afferam,
1952 2583 2079 2668 qui
2106 2580 2434 2648 indicare
2479 2581 2784 2663 videtur,
2830 2580 3017 2646 liba-

647 2709 919 2775 tionem
948 2701 1109 2768 fieri
1139 2698 1235 2765 ad
1267 2697 1540 2782 gratias
1572 2693 1916 2780 agendas,
1964 2693 2074 2774 (K.
2111 2694 2280 2774 577).
2354 2690 2597 2774 Poeta,
2628 2694 3017 2778 postquam

649 2815 1006 2896 narravit,
1067 2809 1361 2877 Ulixem
1405 2810 1474 2874 et
1514 2804 1976 2887 Diomedem,
2041 2804 2238 2889 quod
2280 2804 2620 2884 inierant,
2683 2802 3023 2869 Minerva

629 2927 1046 2995 adiuvante
1090 2922 1272 2987 bene
1317 2918 1723 3005 perfecisse,
1768 2915 1907 2982 hoc
1953 2914 2170 2982 modo
2215 2914 2475 3000 pergit:

922 3045 1031 3115 Ἰώ
1077 3046 1150 3113 δὲ
1195 3042 1604 3128 λοεσσαμένω
1651 3041 1765 3107 καὶ
1814 3032 2245 3126 ἀλειψαμένω
2289 3029 2440 3104 λίπ>
2491 3036 2690 3125 ἐλαίῳ

915 3156 1164 3246 δείπνῳ
1207 3154 1604 3245 ἐφιζανέτην,
1653 3146 1797 3219 ἀπὸ
1842 3152 1912 3218 δὲ
1956 3154 2267 3239 κρητῆρος
2306 3140 2567 3238 ’Λθήνῃ

915 3267 1153 3337 πλείου
1200 3258 1652 3356 ἀφυσσάμενοι
1700 3265 1913 3347 λεῖβον
1954 3261 2261 3351 μελιηδέα
2309 3254 2503 3327 οἶνον.
2526 3262 2578 3345 9)

833 3401 1199 3470 Addenda
1219 3402 1387 3467 sunt
1415 3416 1787 3484 perpauca
1814 3397 2299 3461 monumenta.
2369 3390 2716 3478 Stephani
2740 3393 3034 3477 praeter

665 3516 912 3583 omnia
963 3513 1105 3580 huc
1169 3513 1383 3578 vocat
1433 3506 1847 3589 vasculum,
1909 3507 1987 3572 in
2041 3525 2183 3590 quo
2240 3504 2560 3571 Victoria
2602 3502 3033 3569 libationem

847 3688 886 3743 ¹)
923 3684 1001 3739 Cf.
1039 3679 1334 3750 Inghirami
1367 3679 1405 3732 1.
1441 3696 1485 3731 c.
1523 3676 1613 3731 IV.
1651 3676 1769 3731 311.

841 3770 883 3839 ²)
922 3767 1161 3825 Gerhard
1195 3767 1232 3820 1.
1270 3782 1312 3818 c.
1349 3765 1467 3819 291.
1504 3763 1623 3817 292.

841 3856 885 3921 ³)
923 3852 1179 3910 Gerhard.
1216 3852 1253 3905 l.
1290 3868 1334 3905 c.
1371 3847 1464 3902 IV.
1501 3849 1619 3902 267.
1655 3848 1797 3901 Mon.
1837 3846 1957 3901 dell.
2000 3846 2127 3899 Inst.
2172 3844 2207 3899 1.
2245 3845 2379 3911 26,3.

841 3940 886 4010 ⁴)
923 3940 1002 3995 cf.
1038 3936 1318 4008 Stephani:
1354 3934 1736 3989 Vasensamml.
1775 3932 1825 3985 d.
1863 3931 2086 3985 Kaiserl.
2122 3931 2407 3997 Ermitage.
2444 3946 2511 3982 no
2550 3929 2698 3981 1271.

846 4028 889 4093 ⁵)
924 4024 1003 4081 cf.
1038 4023 1197 4078 Arch.
1235 4022 1350 4090 ztg.
1394 4020 1526 4075 1865
1562 4021 1640 4074 tb.
1677 4020 1797 4072 204.
1823 4020 1859 4070 ².
1900 4016 2156 4072 Gerhard.
2192 4016 2229 4069 1.
2266 4033 2310 4068 c.
2346 4015 2413 4068 11.
2450 4016 2525 4067 tb.
2569 4014 2684 4067 150.

851 4113 896 4176 6)
930 4110 1007 4166 Cf.
1045 4108 1299 4177 Stephani
1335 4105 1740 4177 compte-reuda
1779 4104 1926 4159 1873.
1963 4121 2016 4173 p.
2058 4103 2156 4156 184
2192 4119 2307 4171 sqq.
2344 4119 2395 4170 p.
2431 4101 2533 4153 212
2571 4117 2687 4168 sqq.

849 4198 892 4263 ⁷)
928 4194 1006 4251 cf.
1044 4192 1285 4249 Gerhard
1319 4194 1354 4246 l.
1391 4210 1434 4247 c.
1470 4191 1541 4245 Π.
1579 4192 1663 4245 81.
1702 4189 1796 4243 111.
1837 4190 1951 4256 155,
1990 4188 2109 4242 alia.

851 4283 894 4344 ⁸)
930 4280 1010 4335 cf.
1045 4277 1274 4333 Kekule:
1309 4278 1412 4332 Die
1445 4275 1787 4331 Ballustrade
1824 4276 1917 4328 der
1958 4271 2175 4327 Athena
2210 4272 2362 4325 Nike.

851 4369 895 4433 ⁹)
929 4365 1007 4422 cf.
1044 4364 1356 4420 Bernhardi.
1393 4365 1428 4418 1.
1468 4380 1509 4416 c.
1547 4380 1595 4432 p.
1637 4363 1687 4415 7.
