3317 5117
1621 289 2044 351 —52—

722 570 808 636 B.
879 569 1000 635 De
1052 566 1153 634 iis
1207 567 1761 648 libationibu8‚
1816 584 2021 649 quas
2075 566 2211 636 dei
2260 566 2422 649 ipsi
2474 566 2937 635 effundunt.

823 744 994 813 Non
1038 749 1175 829 est,
1221 767 1353 813 cur
1393 746 1772 829 miremur,
1828 747 2025 833 quod
2071 744 2337 814 Graeci
2380 746 2554 814 deos
2601 766 2888 834 quoque
2932 744 3020 812 li-

653 858 907 925 bantes
951 856 1338 942 fingebant.
1408 856 1604 924 Nam
1646 857 1788 925 hac
1832 859 1908 924 in
1938 878 2036 941 re,
2082 860 2164 923 ut
2192 858 2265 924 in
2311 857 2561 924 multis
2608 856 2790 939 aliis,
2840 855 3016 924 deos

651 968 756 1034 ita
799 987 876 1035 se
920 987 1199 1052 gerere,
1244 971 1325 1034 ut
1367 969 1564 1055 ipsos
1607 967 1939 1035 homines
1986 969 2488 1053 opinabantur.
2582 965 2739 1047 Quo
2784 966 2894 1049 fit,
2940 970 3023 1033 ut

654 1100 745 1146 ex
773 1079 1030 1146 litteris
1073 1082 1143 1145 et
1185 1080 1691 1162 monumentiS,
1738 1098 1925 1166 quae
1956 1079 2051 1146 ad
2080 1077 2272 1146 hanc
2303 1100 2462 1146 rem
2491 1078 2809 1166 plurima
2851 1098 3021 1164 sup-

653 1189 1006 1276 peditant,
1071 1189 1371 1256 eaedem
1433 1208 1697 1257 causae
1759 1188 2257 1275 intelligantur
2309 1191 2388 1257 in
2435 1188 2741 1257 deorum
2780 1188 3021 1256 libati-

657 1300 938 1384 onibUS,
986 1304 1200 1387 atque
1241 1300 1642 1367 hominum.
1736 1300 1814 1367 E.
1860 1319 1925 1385 g.
1979 1300 2065 1368 cf.
2114 1299 2556 1384 Plutarchi¹)
2602 1300 2847 1383 verba,
2896 1300 3025 1387 qui

654 1412 730 1477 in
793 1411 1025 1477 risum
1085 1430 1349 1477 vocare
1401 1410 1692 1477 videtur
1747 1408 2195 1478 Graecorum
2247 1410 2697 1495 religionem:
2762 1406 3024 1493 Παγγέ-

656 1520 835 1585 λοιον
877 1514 998 1605 γάρ
1043 1518 1251 1599 ἐστιν,
1299 1506 1352 1582 ὦ
1398 1514 1639 1605 ἑταῖρε,
1695 1515 1807 1584 τὸν
1844 1508 2159 1584 Ἀπόλλω
2204 1516 2533 1584 κτείνοντα
2579 1516 2818 1607 θηρίον
2860 1512 3023 1605 φεύ-

656 1655 788 1716 γειν
833 1628 952 1695 ἐπὶ
994 1628 1256 1713 πέρατα
1301 1642 1416 1717 τῆς
1453 1620 1775 1707 (Ελλάδος
1820 1620 2135 1715 ἁγνισμοῦ
2171 1624 2482 1713 δεόμενον,
2530 1619 2651 1696 εἴτ’
2701 1628 2837 1696 ἐκεῖ
2862 1625 3026 1712 χοάς

655 1767 840 1819 τινας
900 1744 1175 1823 χεῖσθαι
1229 1738 1344 1805 καὶ
1397 1742 1584 1826 δρᾶν,
1641 1730 1703 1805 ἃ·
1744 1742 1985 1826 δρῶσιν
2039 1732 2421 1825 ἅνθρωποι,
2475 1736 2811 1828 μηνίματα
2866 1742 3023 1806 δαι-

655 1848 867 1935 μόνων
912 1844 1398 1939 ἆφοσιούμενοι.
1445 1888 1531 1899 -—
1569 1854 2095 1941 Aristophanes
2110 1854 2157 1938 2)
2189 1854 2600 1940 Trygaeum
2627 1853 2802 1922 facit
2842 1852 3025 1921 allo-

659 1969 1002 2053 quentem
1044 1964 1510 2033 Mercurium.

1562 2092 1826 2177 πρῶτον
1870 2088 1945 2156 δέ
1988 2114 2096 2157 σοι

1110 2202 1316 2287 δῶρον
1361 2197 1603 2284 δίδωμι
1648 2191 1853 2289 τήνδ’,
1899 2203 2007 2267 ἵνα
2053 2200 2358 2267 σπένδειν
2403 2198 2566 2289 ἐῇςῃς.

659 2337 730 2401 et
759 2332 1170 2402 Scholiasta
1199 2331 1296 2400 ad
1325 2352 1428 2399 vs,
1463 2336 1589 2401 433
1622 2332 2161 2401 animadvertit:
2210 2326 2464 2418 σπονδὴ
2504 2324 2785 2417 σπονδή]
2831 2332 3029 2395 τοῦτο

660 2432 920 2521 ἀξιοῦσι
965 2436 1077 2507 τὸν
1109 2433 1352 2529 Ἑρμῆν
1396 2440 1602 2527 λέγειν
1649 2442 2032 2509 σπένδοντα.

832 2552 1070 2634 Quam
1123 2554 1221 2621 ad
1272 2575 1428 2621 rem
1479 2554 1995 2621 illustrandam
2053 2554 2418 2641 permulta
2464 2555 2819 2622 accedunt
2869 2572 3029 2620 mo-

657 2669 1009 2733 numenta
1051 2669 1268 2752 atque
1314 2684 1402 2732 ea
1442 2665 1791 2752 pleraque
1838 2665 2166 2748 vascula,
2214 2685 2399 2751 quae
2446 2665 2623 2752 quid
2667 2664 3032 2733 senserint

659 2774 926 2844 Graeci
988 2776 1078 2843 de
1146 2776 1300 2843 deis
1360 2775 1759 2843 libantibus
1824 2776 2338 2843 demonstrant.
2395 2812 2477 2821 —
2530 2776 2643 2843 Ac
2704 2775 3030 2862 primum

660 2888 959 2973 quidem
1001 2880 1263 2973 loquar
1308 2886 1397 2955 de
1443 2906 1526 2953 eo
1582 2906 1849 2971 genere
1892 2886 2389 2969 vasculorum,
2453 2886 2651 2973 quod
2710 2886 3029 2954 referen-

661 2998 839 3065 dum
884 3000 992 3065 est
1036 2997 1130 3066 ad
1176 3017 1288 3079 ea,
1344 3016 1532 3084 quae
1576 2998 1927 3084 praebent
1973 2997 2508 3065 adolescentem
2552 2997 2853 3064 domum
2896 3016 3030 3082 pa-

657 3110 791 3178 tris
853 3108 1393 3196 relinquentem.
1479 3107 1961 3175 Inveniuntur
2021 3108 2216 3175 enim
2278 3108 2511 3175 multa
2555 3105 2901 3189 vascula,
2948 3108 3033 3173 in

659 3220 925 3305 quibus
969 3218 1448 3307 Triptolemus
1503 3219 1640 3285 iter
1691 3220 2155 3304 ingressurus
2202 3221 2334 3301 est,
2398 3222 2479 3285 ut
2537 3217 2869 3285 homines
2934 3216 3031 3283 de

655 3328 1020 3397 frumento
1074 3330 1378 3398 colendo
1435 3330 1711 3397 doceat.
1803 3329 1984 3396 Fere
2030 3330 2276 3397 omnia
2326 3328 2508 3398 haec
2556 3328 2857 3396 vascula
2899 3346 3031 3395 eas

655 3440 953 3525 figuraS‚
994 3460 1180 3527 quae
1210 3441 1531 3528 primum
1559 3443 1806 3509 tenent
1831 3439 2095 3523 locum,
2141 3440 2551 3507 simillimas
2584 3440 3031 3521 continent.3)

657 3550 1137 3637 Triptolemus
1189 3553 1268 3620 in
1322 3572 1542 3619 curru
1599 3550 1859 3619 sedens
1912 3551 1988 3618 in
2045 3551 2379 3618 dextram
2424 3570 2679 3619 versus
2734 3551 3037 3617 sinistra

657 3681 882 3728 manu
928 3664 1166 3749 spicas
1180 3664 1228 3742 4)
1275 3662 1512 3745 habet,
1561 3663 1827 3748 quibus
1857 3662 2145 3748 saepius
2187 3666 2552 3748 sceptrum
2596 3662 3035 3730 adiunctum

837 3869 874 3934 ¹)
910 3868 1091 3923 moral.
1130 3885 1180 3936 p.
1218 3866 1319 3921 418
1355 3867 1418 3920 Β.
1455 3890 1522 3909 =
1560 3867 1623 3920 de
1661 3867 1847 3920 defect.
1885 3883 2019 3920 orac.
2061 3867 2141 3920 15.

836 3971 878 4037 ²)
914 3970 1034 4023 Pac.
1072 3986 1148 4022 vs.
1185 3968 1302 4022 424.
1343 3986 1455 4039 sqq.

831 4074 872 4140 ³)
911 4072 1190 4129 Commode
1241 4072 1508 4140 inspiciaS,
1563 4087 1697 4141 quae
1754 4070 1966 4123 vascula
2018 4070 2314 4139 composuit
2367 4068 2661 4124 Overbeck:
2723 4069 2879 4123 Atlas
2932 4070 3035 4124 der

657 4158 853 4226 griech.
893 4158 1412 4227 Kunstmythologie.
1484 4158 1633 4221 (Lief.
1661 4154 1761 4209 IV.
1798 4156 1911 4208 Taf.
1947 4154 2062 4208 XV.
2100 4152 2269 4219 XVI.)

831 4261 873 4327 ⁴)
913 4260 1040 4314 ibid.
1078 4258 1194 4313 XV.
1231 4277 1313 4314 no.
1354 4262 1431 4314 17.
1471 4260 1596 4313 22³..
1635 4259 1779 4313 XVI.
1819 4259 1908 4311 la.
