3317 5117
1627 400 2047 463 ...36-

658 578 950 669 νιῖμφαις
981 583 1053 649 οὐ
1082 580 1454 666 νομίζουσιν
1485 574 1677 662 οἶνον,
1724 581 1870 647 οὐδὲ
1912 586 2061 659 ταῖς
2091 578 2496 659 Δεσποίναις
2525 581 2829 647 σπένδειν
2874 638 2887 649 .
2938 638 2951 649 .
3002 638 3013 649 .

655 696 738 764 Ε.
788 695 1145 774 Curtius&
1200 716 1483 762 summo
1529 696 1687 762 iure
1730 695 2022 782 premit,
2084 694 2279 762 huno
2326 694 2816 782 nympharum
2870 695 3018 760 oul—

658 811 814 874 tum
847 808 1432 893 antiquissimum
1450 806 1673 873 fuisse
1705 826 1789 873 ae
1822 806 2154 892 priorem,
2188 826 2407 891 quam
2442 806 2743 873 deorum
2775 804 3021 890 Olym-

660 920 948 1006 piorum
979 917 1422 1001 religionem,
1470 918 1595 1004 qui
1624 917 1852 993 multi,
1898 920 2282 1003 postquam
2324 918 2398 984 in
2433 915 2819 983 Graeciam
2862 936 3021 1002 per-

661 1032 1040 1111 venerunt,
1086 1029 1288 1095 initio
1322 1049 1489 1095 eum
1519 1026 1859 1113 nymphis
1905 1029 2268 1094 coniuncti
2312 1028 2795 1094 inveniuntur.
2886 1026 3023 1093 His

661 1141 881 1207 rebus
927 1140 1400 1207 consideratis
1445 1139 1655 1205 facile
1700 1138 2153 1221 intelligitur,
2203 1139 2378 1224 quid
2426 1140 2534 1220 sit,
2582 1159 2715 1205 eur
2754 1136 3025 1206 talibus

662 1251 1083 1317 numinibus
1127 1251 1571 1337 perantiquis
1616 1250 1845 1315 multo
1892 1253 2053 1335 post
2096 1249 2275 1316 haee
2332 1249 2691 1316 sacrificia
2735 1241 3024 1333 νηφάλια

667 1361 1143 1427 adhaeserint.
1197 1397 1265 1407 --
1319 1360 1599 1426 Eodem
1661 1360 1879 1425 modo
1942 1379 2097 1427 sese
2141 1359 2413 1427 habent
2471 1360 2657 1426 lucis
2703 1360 3026 1441 numina,

668 1472 931 1557 quibus
994 1464 1278 1554 νηφάλια
1343 1470 1588 1536 oblata
1649 1490 1805 1535 esse
1868 1468 2163 1536 Polemo
2235 1470 2468 1537 refert.
2575 1469 2737 1536 Iam
2806 1490 3031 1558 supra

671 1580 878 1647 attuli
920 1581 1492 1667 inscriptionem,
1539 1580 1615 1645 in
1664 1599 1809 1665 qua
1855 1580 2007 1647 Soli
2061 1584 2129 1646 et
2174 1580 2693 1666 Mnemosynae
2740 1579 3029 1665 νηφάλια

667 1692 867 1758 fiunt.
957 1691 1404 1758 Addendum
1451 1693 1582 1772 est,
1648 1711 1834 1777 quae
1887 1691 2161 1776 profert
2204 1690 2688 1774 Athenaeus‘2)
2752 1714 2791 1759 e
2837 1691 3030 1777 Phy-

668 1801 900 1869 larohi
963 1803 1247 1889 seriptis
1291 1801 1672 1867 hauriens:
1738 1796 1927 1883 παρὰ
1992 1799 2059 1863 de*
2113 1805 2252 1877 τοῖς
2299 1792 2605 1887 Ἕλλησιν
2650 1798 2707 1865 οὶ
2760 1796 3035 1878 θύοντες

669 1913 762 1996 τῷ
810 1902 1046 1995 (ῙΙλιίιο,
1111 1903 1200 1987 ὥς
1253 1932 1416 1997 φησι
1472 1905 1815 1993 Φύλαρχος
1875 1908 1942 1973 ἐν
2002 1912 2081 1997 τῇ
2135 1906 2463 1998 δωδεκάτῃ
2528 1914 2656 1976 τῶν
2702 1908 3033 1998 ἱστοριῶν,

669 2020 817 2104 μέλι
865 2019 1280 2099 σπένδουσιν,
1346 2012 1521 2084 οἶνον
1576 2019 1648 2085 οὐ
1694 2020 1991 2107 φέρονιες
2043 2026 2181 2098 τοῖς
2223 2027 2497 2105 βωμοῖς,
2562 2024 2697 2088 δεῖν
2746 2021 3037 2110 λέγοντες

671 2128 781 2197 τὸν
841 2127 922 2195 τά
971 2122 1088 2195 &a
1134 2129 1475 2213 συνέχοντα
1521 2130 1632 2195 καὶ
1696 2133 2171 2216 διακρατοῦντα
2218 2130 2379 2197 θεὸν
2435 2132 2550 2197 καὶ
2596 2124 2705 2198 ἀεὶ
2752 2158 3037 2217 περιπο-

672 2237 937 2308 λειόντα
977 2239 1088 2306 τὸν
1131 2236 1374 2325 κίσμον
1420 2234 1763 2323 ἀλλότριον
1814 2235 1983 2307 εἶναι
2038 2242 2269 2328 μέθης.
2358 2244 2570 2325 Quod
2625 2246 2763 2314 hoc
2814 2248 3037 2314 modo

673 2358 924 2423 fiotum
970 2376 1125 2421 esse
1165 2376 1307 2421 non
1342 2358 1492 2421 tam
1525 2356 1620 2421 ad
1653 2356 1930 2422 cultum
1961 2358 2547 2443 antiquissimum
2587 2357 2774 2426 Solis
2820 2360 3040 2425 inter-

676 2465 1128 2552 pretandum,
1176 2487 1398 2552 quam
1431 2465 1526 2530 ad
1574 2466 1691 2532 dei
1721 2467 2154 2549 gravitatem
2187 2468 2749 2551 significandam
2793 2472 3041 2554 patere

676 2576 855 2643 mihi
897 2576 1198 2641 videtur.

846 2686 1121 2769 Restat,
1175 2690 1256 2752 ut
1302 2686 1706 2772 disputetur
1753 2688 1841 2753 de
1905 2688 2065 2753 aliis
2113 2690 2551 2773 quibusdam
2596 2691 3040 2772 numinibus»,

680 2798 941 2883 quibus
974 2790 1260 2880 νηφάλια
1282 2798 1522 2863 offerri
1542 2797 1871 2863 traditur.
1922 2799 2143 2884 Apud
2174 2798 2640 2866 Polemonem
2671 2803 2939 2867 mentio
2959 2802 3043 2867 fit

683 2907 989 2974 Veneris
1034 2907 1372 2983 Uraniae,
1422 2909 1509 2974 de
1557 2930 1704 2994 qua
1751 2910 1887 2975 dea
1930 2910 2125 2976 idem
2171 2913 2419 2977 testari
2462 2912 2751 2978 videtur
2778 2912 3043 3000 Empe-

686 3018 1014 3101 dooleS,³³)
1061 3020 1185 3104 qui
1230 3018 1409 3085 haee
1455 3020 1653 3085 dicit:

1702 3156 1967 3245 Κύπρις
2009 3160 2337 3247 ΙΒασίλεια,

936 3266 1052 3357 τὴν
1097 3261 1224 3355 o‘c'y'
1276 3270 1675 3354 εὐσεβέεσσιν
1720 3262 2094 3357 ἀγάλμασιν
2140 3270 2516 3340 ἱλάσκονται

939 3386 1257 3465 γραπτοῖς
1302 3382 1372 3446 δὲ
1416 3378 1682 3461 ζιόοισιν
1725 3378 1991 3465 μύροισί
2035 3409 2103 3449 τε
2148 3383 2649 3468 δαιδαλεόδμοις

943 3488 1224 3578 σμίρνης
1267 3482 1327 3555 τ’
1381 3483 1659 3579 άκρῇτου
1706 3490 1999 3574 θυσίαις,
2047 3492 2316 3578 λιβάνου
2360 3522 2429 3563 τε
2473 3496 2771 3576 θυώδους

942 3605 1206 3679 ξανθῶν
1256 3627 1319 3667 τε
1364 3600 1657 3678 σπονδάς
1703 3601 1983 3686 μελίτων
2026 3603 2363 3691 ῥίπτοντες
2408 3607 2472 3683 ἐς
2517 3596 2591 3673 οἶ
2599 3614 2732 3685 δας.

855 3740 966 3807 De
1012 3740 1150 3807 hae
1197 3742 1638 3808 caerimonia
1682 3743 1976 3827 Engev)
2022 3745 2161 3812 hoo
2204 3748 2422 3813 modo
2468 3748 2767 3815 iudicat:
2834 3750 3049 3815 Wein-

688 3852 811 3917 lose
862 3850 1086 3934 Opser,
1134 3846 1420 3936 νηφάλια
1473 3846 1630 3936 ἱερά,
1678 3858 1920 3919 werden
1964 3858 2068 3921 ihr
2114 3858 2212 3922 als
2253 3859 2719 3942 Salmyottlaeit,
2762 3863 2877 3925 wie
2928 3863 3051 3926 den

867 4022 959 4085 1)1
1033 4038 1060 4072 e
1131 4010 1371 4087 (Studien
1427 4040 1468 4075 z.
1527 4022 1713 4077 Geseh.
1770 4025 1861 4076 des
1916 4026 2108 4091 griech.
2165 4026 2404 4096 Olymps)
2466 4046 2516 4097 p.
2575 4029 2719 4081 1142.
2778 4030 2925 4083 1143.
2984 4032 3047 4083 cf.

697 4107 917 4159 Hermes
955 4107 1092 4157 XXI.
1134 4125 1183 4175 p.
1223 4107 1323 4159 200
1361 4124 1472 4176 sqq.

868 4194 909 4256 ²)
947 4193 1045 4244 XV
1101 4210 1150 4260 p.
1191 4194 1291 4246 693
1329 4193 1386 4245 Ε.

867 4278 908 4339 3)
947 4278 1085 4345 apud
1123 4278 1315 4330 Athen.
1354 4279 1468 4331 XII.
1510 4298 1557 4348 p.
1596 4281 1697 4333 510
1733 4281 1798 4332 D.

862 4363 904 4427 4)
942 4362 1214 4431 „Kypros“
1251 4363 1445 4416 Berlin.
1485 4364 1632 4417 1841.
1673 4365 1739 4416 lI.
1779 4382 1828 4432 p.
1872 4365 1983 4417 153.
