3317 5117
1563 382 1991 445 ...74-

604 565 868 651 quibus
913 564 1318 651 liquoribus
1361 564 1804 633 frumentum
1850 565 2070 632 addit.
2144 564 2325 632 Tum
2369 567 2705 652 precibus
2749 567 2983 643 factis,

604 694 774 743 oves
819 674 1308 757 immolantur,
1356 695 1667 763 quarum
1710 676 2007 761 sanguis
2051 676 2129 742 in
2173 675 2445 743 fossam
2483 675 2681 743 fluat.
2757 674 2962 757 Quae

602 805 718 853 res
774 786 1067 885 omnino
1123 785 1599 853 conferendae
1654 789 1823 853 sunt
1876 806 2044 854 cum
2087 786 2205 869 iis,
2271 786 2360 853 de
2424 786 2691 874 quibus
2738 788 2965 855 verba

599 897 740 965 feci
783 897 860 963 in
904 896 1084 964 iuris
1114 896 1410 965 iurandi
1439 897 1898 964 caerimoniis
1930 896 2391 964 disserendis,
2465 896 2626 965 Hoc
2663 898 2739 963 in
2769 917 2962 964 mor-

601 1010 895 1075 tuorum
924 1007 1142 1090 cultu,
1175 1027 1392 1095 quem
1421 1006 1727 1075 Homeri
1757 1008 2084 1075 carmina
2112 1008 2589 1091 tradiderunt,
2633 1007 2965 1075 nondum

602 1119 1070 1185 inveniuntur
1144 1117 1507 1186 sacrificia
1524 1172 1539 1201 ,
1615 1117 1864 1205 qualia
1932 1118 2452 1204 posterioribus
2513 1119 2962 1205 temporibus

601 1229 763 1296 fieri
815 1228 1159 1296 solebant.
1248 1226 1388 1295 His
1442 1248 1729 1315 quoque
1784 1228 1863 1295 in
1917 1229 2375 1299 caerimoniis
2430 1230 2617 1296 actio
2677 1228 2963 1297 libandi

599 1339 998 1425 plurimum
1028 1338 1222 1405 valet
1240 1362 1270 1420 ς.
1302 1337 1683 1405 exhibetur
1711 1339 1906 1406 enim
1942 1334 2347 1423 μελίκρατον,
2395 1340 2667 1423 vinum,
2714 1339 2963 1406 ovium

605 1450 922 1535 sanguis,
995 1448 1203 1516 Idem
1231 1450 1381 1515 iam
1418 1447 1713 1533 Stengel
1755 1451 1945 1517 recte
1992 1451 2234 1532 sensit,
2283 1470 2451 1517 cum
2483 1449 2757 1531 dicit11)
2829 1450 2963 1515 Die

595 1564 748 1626 zwei
801 1560 1291 1645 Odysseestellen
1333 1561 1486 1625 sind
1524 1564 1704 1641 spii&
1766 1562 2065 1625 troadem
2106 1563 2195 1625 ist
2237 1580 2301 1625 es
2342 1561 2499 1626 noch
2542 1563 2687 1626 kein
2728 1563 2898 1644 elyen
2908 1568 2961 1623 t—

603 1672 810 1737 liches
845 1671 1240 1753 Totenopfer,
1301 1673 1418 1735 wic
1469 1690 1534 1735 es
1583 1676 1803 1752 spc'iter
1854 1671 2066 1736 abach
2110 1694 2261 1737 war.
2350 1670 2479 1737 Die
2524 1671 2772 1753 Spende
2814 1692 2962 1752 may

600 1782 938 1847 immerhin
970 1801 1090 1846 zur
1125 1769 1142 1794 ‘
1155 1780 1430 1863 Labuny
1453 1781 1681 1863 fricher
1712 1768 2111 1847 Bestattcter'
2150 1783 2461 1847 bestimmt
2499 1802 2776 1864 yewesen
2804 1784 2961 1861 sein,

603 1894 719 1957 das
769 1892 966 1975 Opfcr
1007 1894 1094 1958 ist
1138 1912 1204 1957 es
1241 1892 1576 1972 jedewfalls
1618 1892 1809 1956 nicht.

772 2026 932 2095 Iam
984 2046 1158 2094 vero
1223 2026 1318 2093 ad
1379 2046 1542 2093 eam
1590 2030 2045 2093 transeamus
2107 2028 2629 2114 quaestionem,
2694 2028 2960 2113 quibus

601 2138 1046 2226 temporibus
1091 2138 1400 2205 libatum
1444 2139 1537 2204 sit
1589 2139 1978 2219 mortuis2)
2069 2137 2300 2206 Certis
2355 2138 2611 2206 diebus
2654 2139 2961 2205 mortuis

604 2250 850 2317 oblata
894 2269 1050 2317 esse
1093 2249 1463 2331 libamina,
1508 2268 1640 2335 pro
1673 2253 1867 2315 certo
1897 2248 2320 2316 habendum
2361 2252 2484 2316 est.
2560 2248 2756 2316 Nam
2785 2249 2966 2316 talia

601 2360 796 2427 facta
857 2378 1012 2427 esse
1073 2358 1232 2426 illis'
1281 2359 1536 2425 diebus
1597 2358 1827 2442 festiS,
1892 2360 2019 2447 qui
2077 2352 2411 2442 νεκίσια3>
2471 2360 2590 2427 vel
2641 2356 2893 2441 γενέσια
2908 2360 2960 2441 ⁴)

607 2470 1178 2552 celebrabantur,
1226 2469 1832 2537 verisimillimum
1864 2473 1989 2553 est,
2036 2490 2301 2557 quamq
2312 2491 2483 2537 uam
2530 2474 2728 2539 certa
2768 2471 2962 2538 testi=

601 2581 849 2649 monia
879 2580 1120 2648 afferri
1148 2600 1298 2646 non
1324 2584 1643 2666 possunt.
1677 2617 1760 2625 —
1789 2580 2049 2647 Exstat
2077 2581 2348 2664 titulus,
2364 2581 2418 2664 5)
2465 2601 2683 2669 quem
2713 2580 2962 2667 Olym-

601 2693 764 2779 piae
808 2692 886 2759 in
931 2690 1264 2779 sepulcro
1307 2690 1530 2757 fuisse
1576 2694 1874 2775 constat,
1923 2692 2049 2778 qui
2090 2691 2236 2758 huc
2281 2694 2603 2778 spectare
2645 2692 2960 2759 videtur:

602 2802 964 2887 Δ]ημῆτρις
1031 2795 1300 2864 Φειδίου
1362 2793 1841 2885 κατεσκεῇασα
1895 2797 1969 2865 τὸ
2031 2804 2343 2887 μνημεῖον
2405 2792 2582 2886 αὖτῴ
2643 2799 2758 2865 καὶ
2820 2825 2964 2863 πα-

598 2908 704 2997 τρί
743 2911 750 2995 Ι
789 2935 914 2994 μου
966 2905 1204 2997 Φειδίᾳ
1245 2907 1362 2973 καὶ
1404 2904 1603 2995 μητρί
1645 2933 1769 2992 μου
1810 2899 2045 2998 Ἀρετῇ
2074 2908 2189 2975 καὶ
2229 2911 2237 2995 Ι
2278 2906 2403 2996 υἱῷ
2429 2934 2554 2992 μου
2585 2906 2960 2998 Δημητρίῳ,

598 3020 715 3087 καὶ
761 3012 1026 3107 ἀδελφῷ
1085 3044 1212 3102 μου
1257 3010 1754 3105 [Diodoto-akei·
1800 3018 2048 3108 ἑπαφῶ
2094 3024 2233 3105 τρῖς
2278 3016 2495 3099 οἴκους
2539 3017 2963 3106 ἔνπροσ[θ]εν

598 3135 712 3198 τοῦ
767 3123 1039 3197 σταδίου
1092 3127 1166 3197 τὸ
1222 3129 1290 3195 ἐν
1340 3129 1656 3216 [μέ]ρεσιν
1705 3122 1918 3195 αὐτῶν
1962 3128 2129 3216 πρὸς
2170 3128 2313 3209 ἔτος
2354 3127 2761 3220 ἐπιφέρεσθε
2800 3128 2962 3214 χοὰς

614 3239 852 3330 Φειδίᾳ
895 3241 1068 3328 κ[αἱ]
1109 3232 1343 3331 ῗΑρετῇ
1391 3292 1404 3306 .
1457 3297 1468 3309 .
1521 3298 1534 3310 .
1580 3242 1717 3306 κτλ.

772 3380 917 3449 Sed
959 3380 1205 3447 multis
1251 3399 1537 3467 quoque
1569 3379 1731 3445 aliis
1764 3380 2265 3446 occasionibus
2295 3380 2677 3447 libationes
2709 3380 2958 3447 offere-

601 3493 870 3559 bantur
921 3491 1253 3573 mortuis,
1319 3509 1504 3576 quae
1559 3489 1783 3557 semel
1826 3490 2060 3557 factae
2104 3510 2249 3557 non
2304 3491 2771 3560 iterabantur.
2862 3490 2962 3557 Ut

603 3601 944 3687 agricola,
977 3602 1103 3687 qui
1119 3601 1462 3688 praeterit
1478 3601 2049 3686 Agamemnonis
2082 3601 2513 3687 sepulcrum,
2548 3602 2699 3669 vini
2720 3606 2960 3669 utrem

777 3859 814 3921 ¹)
849 3856 1017 3909 Jahns
1051 3855 1239 3909 Jahrb.
1277 3857 1312 3909 f.
1351 3854 1488 3909 Phil.
1529 3856 1679 3911 1883.
1714 3874 1766 3926 Ρ.
1802 3856 1919 3914 374.

774 3962 816 4026 ²)
853 3959 932 4015 cf.
971 3957 1213 4027 Stengel:
1285 3958 1593 4027 Philologus
1632 3960 1766 4013 1880
1802 3959 2071 4025 (XXXIX)
2109 3977 2159 4029 p.
2196 3960 2451 4014 378—81.

771 4062 812 4128 ³)
849 4060 930 4115 cf.
963 4060 1194 4115 Bekker:
1263 4060 1459 4115 Anecd.
1496 4079 1544 4131 p.
1582 4062 1666 4115 86.
1703 4080 1752 4131 p.
1790 4062 1905 4115 231.
1964 4061 2149 4116 Rohde
2185 4062 2220 4115 1.
2258 4079 2300 4113 c.
2338 4062 2453 4116 215.

775 4166 807 4225 ⁸)
844 4163 922 4219 cf.
956 4163 1274 4225 Artemidor.
1314 4162 1406 4217 IV.
1446 4163 1529 4217 81.
1603 4164 1729 4218 Poll.
1770 4163 1869 4218 111.
1907 4163 2026 4218 201.
2089 4162 2332 4233 Stengel:
2368 4162 2707 4218 Griechische
2745 4161 2956 4216 Sakral·

609 4250 783 4303 altert.
819 4265 870 4317 p.
911 4249 1023 4303 100.

771 4351 810 4416 5)
850 4349 997 4420 Corp.
1037 4352 1189 4403 inser.
1227 4367 1396 4419 graec.
1437 4367 1515 4405 no,
1554 4350 1691 4403 4325
1728 4350 1766 4405 f.
1801 4348 1998 4414 (Add.).
