3317 5117
1143 1049 1656 1151 Sententiae
1718 1054 2376 1153 controversae.

1726 1377 1782 1446 Ι.

751 1492 1016 1563 Vestae
1085 1495 1424 1565 ultimam
1497 1496 1816 1565 convivii
1887 1496 2314 1566 libationem
2384 1514 2543 1566 esse
2616 1495 2944 1565 oblatam

575 1594 834 1788 lpioyffisnti
860 1594 1233 1666 Homerici
1267 1597 1347 1665 in
1376 1596 1682 1667 Vestam
1723 1596 2058 1682 (XXIX.)
2103 1617 2325 1668 versu
2368 1601 2406 1669 5
2450 1598 2751 1687 probari
2791 1618 2943 1666 non

1706 1818 1799 1887 H.

742 1923 966 2023 Ἐέρση
1005 1956 1118 2025 ap.
1149 1936 1556 2007 Pindarum
1597 1936 1834 2021 (Nem.
1879 1938 2011 2007 [11.
2056 1957 2161 2008 vs,
2208 1942 2247 2006 7
2252 1939 2319 2023 8)
2349 1958 2499 2006 non
2540 1942 2651 2007 est
2690 1958 2921 2021 epum

583 2040 667 2107 ut
703 2038 928 2125 vulgo
968 2040 1552 2127 interpretantur.

1693 2194 1825 2263 ΠΙ.

744 2312 1050 2381 Locutio
1103 2312 1523 2381 Pindarioa:
1592 2306 1799 2397 ἔρνεσι
1852 2305 2103 2398 φράξαι
2160 2314 2345 2397 χεῖρα
2399 2313 2676 2398 (Isthm.
2730 2313 2785 2382 Ι.
2833 2332 2939 2383 vs·

576 2414 742 2606 15³3)ss
743 2414 853 2585 εἶθ
907 2434 1054 2503 qua
1099 2414 1499 2499 dubitatur,
1564 2416 2035 2484 vasculorum
2082 2415 2527 2501 imaginibus
2580 2415 2943 2485 vindicari

1696 2635 1824 2705 IV.

744 2755 1127 2842 Bergkius,
1173 2756 1238 2825 si
1279 2757 1356 2824 in
1399 2756 1829 2843 fragmento,
1875 2757 2075 2847 quod
2114 2755 2519 2845 Terpandri
2558 2774 2716 2825 esse
2762 2756 2941 2825 dioi-

583 2860 719 2943 tur,
780 2859 862 2942 (1.
908 2878 1012 2927 vs.
1070 2859 1171 2944 3),
1234 2859 1572 2928 codicum
1627 2860 1937 2930 lectione
1997 2855 2251 2941 πέμπω
2310 2858 2623 2928 refutata
2675 2854 2940 2922 σπένδω

578 2960 964 3045 substituit,
1010 2963 1221 3031 errat.

1711 3080 1781 3147 V

743 3199 833 3267 In
877 3199 1073 3285 Lege
1105 3198 1254 3269 Oea
1288 3200 1659 3269 funeraria
1689 3221 1877 3290 quae
1921 3201 2265 3288 leguntur
2295 3200 2502 3286 (Mitt.
2546 3200 2693 3269 des,
2740 3196 2939 3268 arch.

577 3301 749 3371 Inst.
796 3324 854 3370 z.
903 3302 1146 3371 Athen
1188 3302 1243 3369 I.
1289 3322 1356 3389 p.
1411 3302 1590 3385 143):
1636 3297 1720 3367 τὰ
1766 3300 1839 3367 δὲ
1884 3290 2113 3387 ἀγγεῖα
2159 3290 2633 3392 ἀποφέρεσθαι
2678 3320 2939 3370 vascu-

577 3403 818 3473 lorum
863 3404 1214 3492 exemplis
1257 3404 1611 3474 illustrari
1653 3410 1726 3473 et
1768 3406 2231 3494 comprobari
2271 3407 2535 3493 potest.'

1702 3556 1825 3628 VI.

746 3675 1053 3744 Pindari
1093 3677 1342 3745 verba:
1389 3668 1530 3764 ὅπᾳ
1575 3672 1695 3742 τάν
1738 3674 2059 3759 πολέμοιο
2104 3672 2289 3743 δόσιν
2336 3667 2662 3761 ἀκρόθινα
2708 3669 2941 3741 διελών

578 3772 736 3843 ἔθυε
779 3775 921 3861 (01.
977 3776 1069 3845 X.
1118 3776 1307 3861 (XI.)
1355 3798 1458 3847 vs,
1515 3780 1644 3864 56),
1693 3780 1783 3849 de
1826 3780 2015 3859 loeo,
2080 3781 2209 3849 ubi
2251 3780 2485 3868 spolia
2539 3780 2682 3849 diis
2736 3778 2939 3849 dedi-

579 3881 774 3949 cavit
814 3879 1171 3950 Hercules
1184 3935 1200 3964 ,
1245 3880 1721 3966 intelligenda
1763 3885 1949 3951 sunt.

1553 4174 1961 4182 Ἥψ-
