3317 5117
1566 417 1989 480 -38-

597 602 694 669 ad
722 601 1160 688 Lupercalia
1211 607 1572 689 spectans:
1616 603 1811 669 Diese
1852 590 2241 669 m‘tcbterneh
2276 602 2564 685 Sponden
2612 596 2955 687 (νηφάλια)

595 714 794 779 haben
845 715 1157 778 zundchst
1216 735 1342 778 nur
1401 715 1522 778 den
1567 714 1813 793 Zweck‚
1866 716 1983 779 das
2041 736 2403 797 veryossene
2450 713 2609 779 Blut
2660 715 2954 779 abzuwa·

593 825 796 903 schem,
838 826 954 889 wie
997 825 1109 889 der
1150 844 1200 889 ε.
1251 826 1371 889 692
1423 825 1793 908 anyefic'hrte
1838 824 2429 906 Lupercalienritus
2480 824 2639 889 noch
2682 825 2957 889 deutlich

588 937 769 1018 eeiyt,
829 938 1075 999 sodann
1136 935 1286 999 aber
1327 936 1622 999 {indernd
1682 938 1799 1017 auf
1855 937 1974 1000 den
2028 936 2203 999 Zorn
2264 937 2375 1001 der
2442 935 2959 1001 Unterirdischen

595 1045 1014 1110 einzuwirken
1043 1043 1152 1128 (cf.
1196 1046 1412 1127 Apoll.
1462 1045 1667 1111 Rhod.
1699 1046 1853 1129 Ary.
1902 1046 2025 1111 IV.
2070 1048 2245 1119 702).
2322 1044 2484 1126 Qua
2528 1066 2693 1112 cum
2738 1046 2959 1111 inter-

595 1156 995 1239 pretatione
1039 1156 1255 1241 plane
1301 1157 1695 1236 consentiO,
1743 1156 1871 1222 sed
1916 1154 2053 1223 hoc
2100 1159 2411 1223 statuere
2456 1156 2707 1238 velim,
2752 1156 2957 1223 illam

593 1273 746 1339 vim
790 1266 1167 1351 sanguinis
1199 1265 1545 1333 abluendi
1585 1287 1733 1333 non
1786 1268 2101 1352 primam
2142 1267 2441 1334 infuisse
2488 1267 2958 1334 libationibus

597 1381 888 1461 sobriiS,
951 1377 1081 1444 sed
1126 1377 1522 1443 secundam
1567 1378 1958 1444 accessisse
2014 1377 2222 1445 alteri
2263 1379 2540 1445 notioni
2582 1379 2737 1445 irae
2780 1376 2960 1443 leni-

594 1492 845 1559 endae.
931 1489 1127 1556 Nam
1175 1508 1344 1555 cum
1386 1488 1786 1571 videamuS,
1832 1487 2134 1555 Homeri
2178 1488 2685 1575 temporibus')
2732 1490 2957 1555 sacri-

593 1603 764 1669 ficia
803 1600 1227 1688 piacularia,
1271 1598 1514 1685 qualia
1560 1601 1811 1685 postea
1839 1601 2323 1683 inveniuntur,
2369 1599 2697 1666 nondum
2741 1600 2957 1667 exsti-

595 1715 786 1795 tisse,
830 1715 1075 1777 tamen
1105 1703 1394 1794 νηφάλια
1426 1710 1674 1775 inseris
1720 1729 1875 1777 esse
1916 1710 2161 1776 oblata
2199 1713 2517 1777 maxime
2562 1704 2958 1793 μειλίγματα

601 1824 911 1902 constat3
959 1841 1105 1907 qua
1150 1821 1240 1887 de
1283 1841 1362 1887 re
1408 1824 1657 1907 postea
1701 1822 1927 1887 verba
1968 1821 2251 1888 faciam.

769 1934 1040 2014 Restat,
1086 1936 1168 1997 ut
1212 1952 1376 1998 eam
1411 1931 1834 1998 libationem
1879 1953 2457 2014 commemorem,
2506 1953 2691 2019 quae
2736 1932 2959 2000 fiebat

596 2047 673 2112 in
715 2045 1098 2131 mysteriis.
1178 2040 1339 2122 Qua
1384 2042 1471 2109 de
1502 2063 1581 2109 re
1627 2043 1762 2109 etsi
1805 2064 1952 2109 non
1990 2044 2223 2109 multa
2267 2046 2435 2109 sunt
2478 2047 2668 2126 nota,
2715 2046 2960 2111 tamen

597 2177 741 2223 vox
772 2158 1062 2221 servata
1091 2157 1217 2237 est,
1259 2173 1405 2239 qua
1433 2154 1825 2220 utebantur
1852 2156 2132 2239 mystae
2164 2154 2259 2220 ad
2292 2155 2649 2220 actionem
2678 2154 2961 2221 libandi

598 2251 1188 2351 significandam:
1221 2259 1652 2347 κρατηρίζειν,
1688 2264 2191 2344 (cf.De1nosth.
2227 2265 2316 2331 de
2348 2286 2490 2332 cor.
2516 2265 2686 2347 259).
2723 2263 2959 2345 Quam

596 2398 853 2444 vocem
897 2376 1201 2443 Photius
1263 2377 1435 2459 (170,
1504 2375 1607 2455 13)
1669 2375 1807 2442 hoc
1872 2376 2090 2442 modo
2154 2376 2491 2463 explicat:
2559 2371 2959 2459 κρατηρίζων

600 2480 801 2552 οἶνον·
868 2476 1005 2551 ἀπὸ
1058 2479 1392 2568 κρατήρων
1436 2480 1501 2548 ἐν
1561 2488 1702 2561 τοῖς
1761 2480 2143 2570 μυστηρίοις
2207 2483 2523 2553 σπένδων.
2616 2487 2761 2555 Sed
2815 2508 2957 2574 quo

597 2600 815 2666 modo
845 2599 1155 2666 libatum
1187 2598 1296 2679 sit,
1343 2599 1753 2663 accuratius
1795 2597 1908 2664 his
1955 2619 1992 2664 e
2036 2598 2278 2664 verbis
2323 2598 2649 2683 intellegi
2688 2600 2955 2685 nequit.

597 2709 826 2778 Porro
873 2709 1142 2775 tradita
1173 2711 1341 2773 sunt
1368 2708 1667 2773 nomina
1697 2709 2180 2791 vasculorum,
2229 2730 2414 2795 quae
2445 2714 2724 2795 mystae
2752 2708 2959 2776 adhi-

598 2821 991 2901 bebantur,
1054 2824 1136 2885 ut
1197 2808 1402 2901 ὄῖμβιξ
1444 2817 1689 2893 (latine
1736 2820 1979 2903 obba),
2043 2816 2114 2881 ἐν
2170 2804 2220 2903 ᾧ
2274 2822 2414 2895 τοῖς
2468 2822 2712 2903 νεκροῖς
2755 2817 2957 2883 σπέν-

604 2932 880 3008 δουσι·“·’)
934 2924 1407 3012 *annullamus-,Q
1469 2924 1901 3014 πλημοχόη.4)
1991 2930 2101 2997 De
2163 2930 2277 2997 his
2342 2932 2677 2998 omnibus
2740 2932 2957 2998 rebus

596 3043 910 3109 breviter
956 3042 1297 3109 disseruit
1326 3040 1622 3108 Lobeck
1670 3041 2053 3129 (Aglaoph.
2100 3064 2165 3128 p.
2215 3046 2357 3109 646.
2405 3044 2621 3109 Anm.
2670 3040 2827 3126 [bD.
2878 3078 2951 3089 --

595 3152 764 3219 Non
827 3153 1097 3220 nullius
1160 3153 1448 3219 videtur
1507 3154 1883 3233 momenti,
1947 3153 2143 3238 quod
2202 3156 2455 3240 paucis
2519 3156 2684 3219 ante
2748 3154 2959 3219 annis

595 3262 857 3331 Thebis
903 3265 974 3330 in
1015 3262 1318 3331 'Cabirio
1364 3264 1740 3328 inventum
1793 3267 1900 3328 est
1944 3263 2225 3329 vasculi
2275 3263 2787 3348 fragmentum,
2830 3263 2961 3329 ubi

595 3373 905 3441 Cabirus
949 3375 1188 3441 libans
1233 3377 1816 3461 repraesentatus
1862 3377 1984 3439 est.
2012 3372 2061 3455 ⁵)
2147 3373 2291 3442 Sed
2334 3375 2579 3441 statim
2624 3375 2958 3456 occurrit,

593 3484 734 3551 hoc
787 3484 946 3551 loco
1009 3484 1194 3551 nihil
1247 3483 1448 3550 aliud
1508 3484 1785 3571 pictum
1848 3504 2030 3567 esse,
2091 3504 2176 3551 ac
2236 3485 2751 3571 necrodipniiss)
2813 3485 2959 3553 for-

592 3615 810 3677 mam,
859 3596 948 3662 de
995 3616 1142 3681 qua
1185 3598 1436 3681 postea
1463 3594 1731 3662 faciam
1774 3596 2015 3662 verba.
2094 3594 2402 3663 Cabirus
2440 3596 2732 3664 Baccho
2780 3598 2961 3663 assi-

593 3706 913 3773 mulatus
958 3708 1034 3773 in
1081 3706 1265 3773 lecto
1312 3708 1557 3772 iacens
1591 3704 2024 3772 cantharum
2067 3707 2398 3791 porrigit,
2446 3710 2525 3772 ut-
2568 3727 2776 3792 puer,
2842 3708 2965 3775 cui

774 3945 810 4008 ¹)
847 3944 923 4000 cf.
961 3945 1203 4011 Stengel:
1239 3944 1410 3998 Jahns
1445 3944 1635 3998 Jahrb.
1676 3945 1809 3999 1833
1845 3963 1893 4015 p.
1931 3946 2049 3997 361.

767 4031 810 4094 2)
849 4028 1068 4085 Glossae
1105 4028 1334 4083 Gr.-Lat.
1373 4027 1609 4096 ,‚Obba“.

771 4114 814 4179 ³)
855 4114 1047 4168 Athen.
1084 4114 1178 4168 XI.
1214 4114 1317 4168 479
1354 4113 1412 4169 C.

770 4201 814 4264 4)
851 4199 1044 4253 Athen.
1081 4199 1176 4254 XI.
1211 4200 1316 4253 496
1351 4200 1415 4253 A.

772 4287 814 4349 ⁵)
849 4284 1063 4339 Mitteil.
1101 4284 1152 4337 d.
1189 4283 1368 4339 athen.
1402 4284 1536 4338 Inst.
1574 4283 1721 4337 XIII.
1761 4286 1838 4337 tb.
1874 4285 1923 4337 9.

769 4374 811 4435 ⁶)
849 4368 927 4424 cf.
965 4368 1027 4424 Ο.
1064 4369 1230 4423 Kem:
1267 4370 1504 4425 Hermes.
1541 4367 1710 4424 XXV.
1746 4386 1797 4439 p.
1836 4370 1883 4423 3.
