3317 5117
1389 325 1402 336 Ν
1488 334 1495 339 ,
1559 324 1567 329 “

921 393 939 409 .
999 397 1068 414 ..
1179 403 1255 431 .“.
1316 408 1332 423 ὓ
1379 414 1448 425 σοι
1591 420 1596 427 0
1680 420 1685 427 -

904 426 956 445 .-
998 422 1116 445 0,-
1237 430 1302 451 ,μ
1347 428 1361 439 a
1442 450 1451 457 -
1699 452 1706 457 ι
1742 427 1757 441 D
1847 440 1859 447 .
1925 444 1948 453 -

948 460 966 475 0
999 464 1014 475 -
1052 454 1142 491 ···.
1180 450 1295 496 ζ...
1354 458 1371 471 ι-
1408 466 1417 476 ,
1485 450 1500 459 -
1567 444 1654 485 ”¹
1750 413 1780 473 22
1846 480 1863 491 v

1443 484 1448 490 ⁵
1681 482 1727 497 -;

1171 499 1187 515 0
1237 503 1252 517 t
1287 492 1361 520 ’ω’
1441 514 1449 523 s
1485 508 1491 513 ¹
1535 513 1599 526 „‹,
1634 512 1649 526 ,ὁ
1684 504 1735 528 '5
1796 510 1843 535 νι-

583 594 756 677 1001,
819 595 948 662 11111
1008 593 1188 661 11666
1243 596 1438 661 notio
1485 597 1673 662 inest
1727 598 1892 663 voci
1944 592 2280 681 σπένδειν,
2345 600 2589 663 tamen
2636 594 2719 663 G.
2769 595 2950 663 Cur-

582 706 767 771 tium
808 705 1017 772 illam
1045 708 1237 772 recte
1269 706 1670 791 explicasse
1716 727 1972 773 censeo
2019 727 2106 773 ex
2137 706 2277 774 hac
2309 708 2715 774 sanseritici
2748 707 2953 774 verbi

584 816 1146 901 significatione,
1221 818 1325 883 ita
1347 870 1361 899 ,
1445 820 1524 883 ut
1593 819 2050 904 interpreter:
2158 820 2519 905 „proicere
2592 818 2951 903 liquorem

584 947 809 993 manu
855 928 1180 993 celeriter
1223 931 1556 1013 promota
1602 932 1670 995 et
1713 930 1981 1015 raptim
2026 927 2397 995 retracta.“
2492 926 2650 1008 Quo
2695 927 2809 1011 fit,
2872 932 2953 993 ut

585 1058 733 1105 non
779 1038 1269 1121 effundantur,
1332 1040 1475 1106 nisi
1517 1059 1921 1125 perpaucae
1976 1044 2250 1125 guttae,
2316 1060 2503 1127 quae
2547 1038 2685 1106 hoc
2731 1038 2950 1105 modo

583 1149 721 1215 deo
771 1148 1048 1229 dentur,
1074 1148 1112 1231 ¹)
1158 1148 1237 1215 id
1281 1149 1478 1234 quod
1509 1151 1827 1216 maxime
1858 1150 2337 1236 premendum
2368 1170 2523 1217 esse
2566 1149 2750 1217 mihi
2792 1170 2950 1235 per-

583 1260 801 1331 suasi.
877 1258 1237 1343 Benfey,2)
1283 1260 1409 1345 qui
1439 1260 1757 1345 primum
1790 1262 1949 1327 iure
1992 1261 2189 1328 idem
2230 1263 2471 1342 sensit,
2518 1281 2604 1327 ac
2637 1260 2948 1342 CurtiUS,

584 1369 783 1455 quod
830 1370 1086 1435 attinet
1129 1369 1223 1435 ad
1268 1369 1592 1436 radicem
1635 1373 1873 1453 spand,
1920 1374 2076 1437 tum
2122 1372 2419 1437 minime
2465 1371 2952 1437 verisimiliter

585 1481 740 1545 vim
782 1479 1063 1546 libandi
1109 1500 1199 1545 ex
1244 1479 1490 1546 efflato
1544 1479 1826 1567 liquore
1874 1482 2212 1550 derivans
2272 1483 2779 1568 interpretatus
2826 1485 2947 1547 est.

589 1589 785 1656 Nam
830 1590 995 1656 talis
1043 1591 1228 1656 actio
1275 1590 1557 1658 libandi
1605 1591 1809 1657 nullo
1864 1592 2081 1659 modo
2138 1593 2557 1659 confirmari
2609 1595 2841 1678 potest
2884 1596 2953 1659 et

589 1704 822 1766 totam
882 1700 1078 1767 illius
1141 1723 1208 1766 V.
1279 1701 1346 1767 d.
1411 1702 1770 1768 rationem
1832 1702 2046 1770 altius
2109 1704 2407 1789 petitam
2470 1723 2625 1769 esse
2687 1704 2949 1770 iudico.

587 1810 810 1878 Vocis
857 1814 1165 1874 σπένδειν
1221 1812 1827 1896 significa-tionem
1882 1814 2275 1899 antiquitus
2338 1834 2485 1880 non
2536 1814 2758 1881 fuisse
2812 1815 2955 1880 nisi

583 1921 1004 2007 religiosam
1065 1925 1256 1988 recte
1304 1920 1528 2003 Pottss)
1597 1922 1964 1990 contendit
2016 1924 2243 1989 multo
2302 1928 2465 2010 post
2525 1924 2951 1990 translatam

583 2032 686 2099 ad
729 2032 924 2115 talia,
973 2032 1187 2117 quale
1234 2024 1481 2111 δάκρυα
1528 2028 1835 2095 σπένδειν
1880 2033 2043 2117 alia,
2091 2034 2180 2100 de
2229 2036 2492 2119 quibus
2536 2038 2803 2121 postea.

757 2142 806 2209 J
808 2162 929 2209 am
973 2162 1146 2208 vero
1193 2146 1562 2209 transeam
1616 2144 1711 2210 ad
1767 2144 2073 2210 alterum
2130 2146 2437 2211 verbum
2482 2140 2745 2226 λείβειν,
2810 2165 2952 2231 quo

582 2254 844 2321 eodem
907 2253 1125 2320 modo
1177 2254 1256 2319 in
1319 2273 1685 2320 summam
1739 2256 2241 2341 antiquitatem
2297 2255 2649 2322 ducimur.
2742 2254 2955 2335 Quod

589 2385 801 2431 nemo
882 2383 1147 2447 negare
1217 2366 1478 2449 poterit
1560 2367 1851 2432 omnino
1941 2368 2377 2453 respondere
2450 2367 2717 2433 latinae
2790 2368 2953 2433 voci

586 2476 851 2557 libandi,
901 2494 1086 2560 quae
1126 2474 1434 2541 eandem
1469 2476 1829 2542 actionem
1859 2476 2277 2561 religiosam
2308 2478 2565 2563 priscis
2597 2480 2745 2544 iam
2772 2481 2949 2544 tem-

588 2585 888 2671 poribus
953 2585 1330 2669 significat.
1423 2585 1568 2653 Sed
1631 2590 1866 2653 exstat
1927 2590 2436 2670 controversia,
2501 2592 2748 2655 utrum
2808 2608 2951 2654 vox

588 2695 820 2763 latina
865 2716 902 2762 e
947 2716 1214 2780 graeca
1265 2698 1488 2781 petita
1541 2698 1634 2764 sit
1678 2718 1923 2765 necne.
2015 2697 2175 2777 Qua
2230 2700 2319 2765 de
2374 2720 2451 2765 re
2500 2699 2718 2783 vulgo
2764 2699 2951 2765 iudi-

595 2809 823 2889 catur,
875 2808 1072 2871 libare
1119 2827 1155 2872 e
1202 2802 1440 2887 λείβειν
1485 2811 1724 2873 ortum
1755 2828 1940 2891 esse,
1988 2830 2434 2896 quamquam
2477 2810 2693 2875 firma
2739 2829 2951 2893 argu-

590 2921 837 2984 menta
885 2916 1129 2983 afferri
1171 2937 1319 2983 non
1361 2921 1682 3003 possunt.
1732 2954 1813 2962 —-
1861 2917 1996 2985 Cui
2052 2922 2373 3005 opinioni
2426 2921 2763 3007 equidem
2806 2940 2953 2986 non

587 3028 964 3110 assentior,
979 3029 1027 3107 4)
1101 3028 1298 3113 quod
1370 3028 1557 3095 duae
1619 3048 1736 3095 res
1801 3030 2086 3096 obstare
2158 3031 2514 3097 videntur.
2622 3031 2951 3098 Primum

592 3137 888 3223 quidem
931 3138 1098 3203 voci
1144 3138 1386 3203 libanda·
1416 3142 1702 3224 praeter
1733 3142 2099 3206 notionem
2130 3141 2547 3225 religiosam
2580 3141 2727 3208 alia
2767 3144 2956 3208 inest

591 3250 854 3313 tollendi
903 3252 1032 3313 sive
1085 3250 1393 3331 demendi,
1443 3270 1626 3335 quae
1679 3252 1897 3317 verbo
1944 3246 2183 3331 λείβειν
2237 3251 2436 3318 1111Πο
2484 3252 2644 3319 1000
2699 3254 2954 3319 tribui-

590 3362 727 3440 tur,
773 3361 855 3423 ut
897 3357 1036 3425 hac
1069 3380 1158 3424 ex
1189 3380 1297 3461 re·
1315 3364 1678 3445 appareat,
1726 3363 2117 3445 genuinam
2148 3382 2303 3429 esse
2333 3382 2586 3430 vocem
2630 3363 2949 3429 latinam.

586 3468 771 3534 Tum
831 3469 1144 3551 accedit,
1211 3470 1406 3556 quod
1467 3474 1546 3535 ut
1607 3471 1859 3537 libatio
1924 3474 2373 3556 significet-ur
2434 3473 2745 3540 Romani
2807 3494 2951 3540 non

591 3582 892 3646 utuntur
943 3580 1166 3645 verbo
1227 3582 1369 3646 nisi
1421 3580 1558 3646 hoc
1619 3601 1765 3647 uno
1823 3582 2083 3647 libandi.
2175 3584 2401 3669 Atqui
2455 3604 2623 3650 cum
2675 3585 2824 3651 iam
2876 3586 2950 3651 in

769 3808 806 3871 ¹)
845 3807 922 3863 Cf.
961 3808 1282 3862 Scbomann:
1321 3806 1654 3863 Griechische
1691 3810 2051 3864 Altertiimer²
2084 3812 2153 3878 ΙΙ,
2190 3830 2241 3881 p.
2279 3813 2395 3865 213.

767 3911 808 3972 2)
851 3908 1247 3969 „Griecbisches
1281 3911 1751 3971 Wurzellexikon“‚
1790 3914 1968 3966 Berlin
2007 3914 2137 3967 1839
2174 3915 2215 3982 Ι,
2252 3932 2306 3983 p.
2344 3916 2457 3968 564.
2496 3917 2564 3982 II,
2602 3936 2649 3985 p.
2688 3918 2804 3971 361.

765 4012 808 4077 ³)
848 4013 1416 4072 „Wurzelworterbuch
1469 4016 1554 4067 fiir
1606 4016 2098 4083 indogermanische
2152 4016 2472 4087 Sprachen“‚
2524 4020 2774 4073 Detmold
2823 4021 2951 4073 1867

591 4098 677 4150 bis
716 4098 864 4158 1873,
900 4116 948 4167 p.
989 4100 1091 4153 730
1127 4099 1222 4153 No.
1268 4099 1414 4152 1801.

764 4202 807 4266 ⁴)
837 4200 949 4253 Nec
985 4201 1044 4255 Ο.
1082 4202 1278 4255 Weise:
1331 4202 1697 4265 „Griechische
1733 4204 1943 4259 Worter
1986 4208 2058 4259 im
2094 4208 2329 4269 Latein“‚
2378 4210 2609 4278 (Leipzig
2647 4210 2815 4273 1882),
2862 4227 2955 4262 1160

591 4284 657 4339 G.
699 4286 932 4339 Saalfeld
968 4287 1023 4339 in
1062 4287 1358 4348 „Thesauro
1396 4288 1760 4355 italograeco“,
1799 4290 1973 4357 (Wien
2003 4292 2152 4357 1884)
2189 4293 2355 4346 libare
2388 4294 2528 4347 inter
2563 4298 2776 4347 externa
2809 4311 2956 4347 voca-

594 4372 721 4423 bula
756 4372 1006 4425 referunt.
