3317 5117
1355 425 1779 487 -41—

386 618 612 686 ταῦτα,
660 603 804 694 ἔφη,
849 604 1341 685 κατακλινέντος
1383 618 1498 672 τοῦ
1526 605 1909 691 Σωκράτους
1944 606 2058 672 καὶ
2104 602 2581 692 ὃειπνῇσαντος
2622 607 2741 673 καὶ

388 720 518 783 τῶν
563 709 798 797 ἄλλων,
846 712 1139 795 σπονδάς
1181 742 1249 782 τε
1293 719 1470 804 σφοῖς
1511 717 1624 782 καὶ
1672 710 1963 795 ἄσαντας
2012 714 2126 783 τὸν
2173 713 2330 783 θεὸν
2371 717 2487 783 καὶ
2529 706 2741 786 τᾶλλα

388 825 474 894 τά
523 824 899 914 νομζόμενα,
945 826 1315 912 τρέπεσθαι
1347 824 1516 912 πρὸς
1551 824 1661 893 τὸν
1690 822 1916 894 πότον.
1968 866 2045 877 --
2094 830 2448 898 Omnibus
2494 852 2583 897 ex
2628 831 2742 897 his

387 942 568 1008 locis
615 943 939 1027 apparet,
993 938 1374 1008 libationes
1418 942 1496 1007 in
1539 961 1681 1007 11311
1730 939 1953 1007 fuisse
2001 961 2226 1008 coena
2268 941 2489 1007 finita.
2580 939 2743 1021 Qua

391 1053 832 1119 caerimonia
874 1052 1068 1119 facta
1113 1072 1360 1117 omnes
1409 1071 1525 1118 res
1577 1055 2107 1139 praeparantur
2149 1054 2598 1118 necessariae
2646 1052 2745 1118 ad

391 1164 833 1246 convivium,
890 1182 1070 1248 quas
1117 1165 1451 1229 accurate
1499 1162 1844 1229 describit
1885 1161 2093 1228 Plato
2141 1164 2486 1245 0011110113,
2534 1164 2740 1230 0111113

387 1294 642 1340 versus
705 1274 928 1340 tradit
987 1272 1488 1353 Athenaeus.¹)
1597 1272 1931 1354 Cobet‚2)
1994 1274 2120 1359 qui
2182 1273 2389 1340 docte
2452 1273 2541 1339 de
2604 1272 2742 1339 hoc

388 1387 601 1471 poeta
644 1386 1056 1472 disputavit,
1105 1385 1287 1451 duos
1335 1404 1488 1450 esse
1521 1403 1769 1449 servos
1810 1387 2068 1465 censet,
2117 1404 2297 1469 quos
2345 1384 2432 1450 de
2477 1383 2590 1449 his
2636 1404 2745 1449 re-

389 1495 528 1561 bus
573 1497 760 1562 inter
804 1516 879 1561 se
930 1495 1417 1581 colloquentes
1463 1494 1637 1561 facit
1683 1494 1919 1559 Plato:

473 1653 572 1711 A.
651 1638 928 1731 ’Ἀνδρες
972 1640 1475 1732 δεδειπνήκασιν
1520 1637 1646 1731 ’ἤδη
1692 1642 1912 1726 σχεδὸν
1958 1638 2245 1723 ἅπαντες
2290 1651 2364 1711 Β.
2410 1633 2479 1711 εὖ
2524 1670 2591 1731 γε

474 1806 571 1865 A.
671 1797 757 1863 Τί
801 1794 876 1864 οὐ
919 1798 1159 1883 τρέχων
1204 1795 1282 1864 σι)
1327 1796 1446 1876 τὰς
1487 1796 1821 1885 τραπέζας
1864 1797 2186 1884 ε’κφέρειςς
2248 1796 2371 1885 ἐγώ
2417 1798 2488 1864 δὲ

665 1907 936 1996 νίπτρον
979 1909 1282 1996 παρέξων
1324 1907 1593 1993 ἔρχομαι
1639 1916 1717 1974 Β.
1766 1901 1944 1995 κάγὼ
1989 1908 2060 1975 δὲ
2104 1903 2623 1997 παρακορήσων·

666 2017 957 2098 σπονδὰς
1001 2017 1234 2087 ἔπειτα
1279 2029 1618 2105 παραχέας
1664 2016 1774 2086 τὸν
1816 2014 2136 2104 κότταβον
2180 2017 2512 2104 παροίσω·

473 2182 571 2242 A.
659 2171 776 2261 τὴν
818 2176 1038 2239 παῖδα
1082 2171 1230 2249 τους
1277 2168 1511 2251 αὗλούς
1555 2171 1735 2261 ἐχρῆν
1779 2170 1942 2255 ἔχειν
1984 2170 2203 2238 πάλαι
2248 2171 2626 2259 προχείρους

662 2284 777 2350 καὶ
821 2288 1375 2372 προσαναφυσᾶν·
1422 2283 1498 2351 τὸ
1540 2280 1739 2370 μύρον
1783 2276 1908 2371 ἤδη
1956 2279 2285 2371 παράχεον
2330 2282 2617 2369 βαδίζων

661 2391 1050 2481 Αἰγύπτιον
1094 2384 1244 2461 κάτ’
1295 2393 1525 2479 ἔρινον·
1583 2394 1905 2483 στέφανον
1953 2386 2230 2461 δ’ἔπειτ’
2283 2391 2536 2483 ἑκάστῳ

668 2502 858 2573 δώσω
903 2516 1116 2594 φέρων
1159 2510 1291 2573 τῶν
1337 2506 1709 2589 ξυμποτῶν·
1757 2510 2106 2592 νεοκρᾶτας
2149 2504 2443 2573 ποιείτω.

490 2667 569 2726 Β.
658 2660 773 2725 καὶ
821 2656 899 2747 δὴ
943 2658 1278 2743 κέκραται.

567 2817 728 2884 Hoc
778 2817 940 2884 loco
985 2817 1200 2903 plura
1246 2818 1338 2883 ab
1386 2816 1762 2883 Athenaeo
1820 2818 2089 2882 omissa
2134 2836 2315 2897 esse,
2372 2816 2542 2882 hinc
2586 2836 2755 2883 con-

398 2928 628 2994 cludit
673 2926 925 3010 Cobet,
989 2928 1184 3013 quod
1235 2928 1396 2994 fieri
1438 2948 1584 2993 non
1628 2928 1881 3012 possit,
1945 2930 2027 2991 ut
2072 2926 2309 2992 allatis
2357 2918 2641 2993 cottabo
2687 2929 2757 2991 et

400 3038 569 3104 vino
618 3039 859 3104 statim
910 3057 1145 3121 „mero
1190 3037 1490 3119 madidi,
1536 3040 1754 3103 cantu
1786 3041 1855 3103 et
1890 3037 2059 3103 lusu
2088 3035 2364 3102 satiati“
2415 3038 2558 3101 sint
2586 3056 2754 3103 con-

401 3150 640 3231 vivae3
713 3153 964 3215 notum
1008 3167 1191 3231 esse,
1255 3151 1418 3233 post
1459 3167 1749 3213 mensas
1800 3147 2094 3213 demum
2138 3150 2451 3213 remotas
2498 3166 2754 3214 consu-

401 3278 558 3326 esse
606 3258 922 3327 Graecos
969 3278 1275 3325 coronas
1322 3258 1578 3324 afferre
1609 3262 1679 3323 et
1713 3258 1973 3337 libare3
2018 3261 2173 3322 tum
2205 3258 2756 3343 compotationis

399 3370 623 3436 fuisse
664 3370 969 3435 initium.
1061 3371 1299 3455 Atque
1345 3371 1580 3455 pergit
1623 3373 1859 3454 poeta:

1118 3498 1228 3568 τὸν
1271 3500 1632 3588 λιβανωτὸν
1673 3501 2008 3578 ἐπιτιθεὶς
2053 3494 2227 3569 εἶπε·

662 3608 925 3699 Σπονόὴ
968 3611 1090 3695 μὲν
1136 3605 1259 3701 ἤδη
1307 3612 1520 3699 γέγονε
1562 3612 1678 3677 καὶ
1726 3610 2024 3691 πίνοντές
2067 3609 2198 3678 εἱσι
2231 3607 2453 3699 πόρῤω

661 3724 777 3789 καὶ
823 3720 1083 3789 σκόλιον
1125 3713 1342 3813 ᾖσται,
1386 3720 1708 3809 κότταβος
1749 3716 2135 3805 δ’ἐξοίχεται
2181 3719 2445 3809 θύραζε,

661 3826 932 3913 Α’ὗλούς
975 3830 1281 3917 δ’ἐχουσά
1325 3862 1424 3913 τις
1465 3833 1738 3921 κορίσκη
1783 3832 2076 3919 Καρικὸν
2117 3836 2310 3919 μέλος
2351 3860 2418 3900 τι

664 3944 992 4029 μελίζεται
1037 3951 1178 4025 τοῖς
1222 3941 1610 4029 συμπόταις,
1655 3938 1931 4033 κ’όὶλλην
1973 3944 2281 4032 τρίγωνον
2326 3938 2499 4011 εἶδον

668 4054 952 4138 ἔχουσαν,
1000 4050 1120 4123 εἶτ’
1169 4045 1320 4145 ἦόεν
1363 4056 1528 4143 πρὸς
1571 4046 1733 4122 αὐτὸ
1777 4056 1972 4139 μέλος
2011 4048 2297 4123 Ἰωνικόν
2341 4082 2426 4121 τι.

593 4284 629 4348 ¹)
665 4280 782 4334 XV.
859 4322 870 4334 .
908 4283 1023 4336 665.
1064 4282 1124 4334 Β.

583 4385 626 4450 ²)
659 4300 1064 4439 Obsergationes
1099 4384 1314 4438 criticae
1349 4385 1406 4437 in
1440 4383 1677 4437 Platonis
1714 4381 1894 4436 comici
1929 4381 2179 4449 reliquias
2215 4400 2263 4452 p.
2301 4382 2383 4435 90.
2423 4399 2536 4453 sqq.
