3317 5117
1533 534 1959 599 ..53-

573 718 760 785 niter
778 718 1194 785 incedentes
1214 717 1479 804 Apollo
1512 717 1870 786 citharam
1889 722 2159 800 tenenS,
2190 717 2452 801 Diana,
2487 737 2669 799 quae
2697 717 2943 784 facem

569 832 834 912 gestat,
879 828 1164 896 Latona
1207 832 1487 917 sceptro
1542 830 1851 915 insignis
1897 848 2067 897 arae
2124 830 2728 916 appropinquant,
2772 831 2943 915 post

569 960 786 1021 quam
819 940 1121 1007 victoria
1151 939 1346 1007 alata
1377 940 1712 1023 constitit,
1758 942 1838 1005 ut
1866 938 2287 1007 citharoedo
2315 939 2653 1007 infundat
2681 939 2943 1005 vinum

572 1070 660 1117 ex
691 1049 948 1117 hirnea
978 1049 1266 1117 sublata
1307 1046 1408 1116 (ἐκ
1448 1046 1729 1129 χαλκέας
1773 1039 1975 1135 ἄρδην
2020 1042 2264 1133 πρόχου
2309 1048 2526 1136 Soph.
2559 1049 2727 1116 Ant.
2762 1050 2938 1131 428).

572 1160 786 1227 Muro
842 1162 1247 1228 seiunctum
1299 1160 1652 1247 templum
1706 1160 2061 1229 columnis
2116 1158 2503 1228 Corinthiis
2558 1159 2942 1227 suffultum

575 1274 892 1358 apparet,
939 1270 1132 1352 quod
1163 1270 1524 1358 Apollinis
1569 1270 1993 1338 habendum
2038 1290 2193 1338 esse
2238 1274 2430 1338 recte
2458 1269 2655 1338 Jahn
2674 1272 2720 1351 ¹)
2766 1290 2940 1337 con·
3028 1282 3049 1299 ·

571 1382 817 1451 tendit.
905 1381 1254 1468 Tripus,²)
1310 1382 1428 1449 dei
1480 1385 1739 1465 statua,
1755 1384 1801 1463 ³)
1857 1381 2195 1469 platanus
2210 1386 2255 1461 ⁴)
2308 1380 2555 1449 locum
2609 1381 2945 1448 indicant

576 1513 868 1561 sacrum
918 1513 1147 1573 neque
1203 1493 1695 1559 coniecturam
1756 1492 1952 1559 illius
1997 1514 2062 1560 v.
2111 1493 2178 1560 d.
2228 1492 2699 1561 audaciorem
2742 1494 2943 1577 pute,

577 1605 697 1685 qui
738 1603 1063 1690 Delphos
1109 1622 1263 1669 esse
1310 1603 1736 1688 cogitandos
1791 1603 1967 1669 vult.
1984 1604 2032 1686 ὃ)
2122 1602 2220 1670 Ut
2260 1602 2589 1679 vascula,
2650 1602 2739 1669 de
2786 1603 2943 1682 qui-

573 1715 710 1782 bus
765 1714 992 1781 verba
1051 1714 1209 1791 feci,
1270 1714 1374 1779 ita
1435 1711 1614 1781 haec
1679 1734 1955 1794 quoque
2002 1712 2421 1800 anaglypha
2474 1711 2946 1779 anathemata

572 1824 793 1892 fuisse
839 1823 1447 1892 verisimillimum
1493 1828 1616 1891 est.
1695 1823 1974 1905 Quibus
2021 1824 2456 1911 anaglyphis
2502 1843 2945 1905 quamquam

575 1938 805 2003 artem
857 1937 1335 2016 antiquiorem
1385 1935 1614 2002 multo
1672 1936 1966 2003 demum
2020 1940 2183 2023 post
2231 1936 2638 2018 imitantur,
2695 1938 2945 2001 tamen

577 2047 884 2114 eandem
912 2046 1210 2113 infuisse
1243 2046 1755 2129 cogitationem
1785 2067 1870 2113 ac
1917 2047 2234 2114 vasculis
2280 2047 2508 2126 quinti
2552 2066 2614 2113 a.
2666 2044 2834 2113 Chr.
2867 2067 2939 2112 n.

579 2158 853 2225 saeculi
907 2177 1256 2243 apparere
1319 2176 1606 2239 cense03
1670 2157 1813 2224 nisi
1875 2158 2063 2238 quod
2110 2156 2439 2225 Victoria
2501 2156 2752 2223 addita
2812 2159 2943 2239 est,

582 2288 762 2349 quae
814 2288 947 2355 pro
992 2267 1235 2334 Diana
1278 2287 1524 2334 sorore
1578 2267 1999 2335 libationem
2044 2269 2427 2335 ministrat.
2519 2264 2681 2346 Qua
2727 2267 2818 2333 de
2862 2287 2944 2333 re

582 2398 804 2465 supra
849 2377 1158 2444 disserui
1200 2398 1430 2459 neque
1477 2398 1656 2464 opus
1713 2397 1870 2445 esse
1925 2380 2208 2465 opinor,
2255 2379 2667 2446 accuratius
2713 2376 2945 2464 expli-

578 2509 764 2570 care,
813 2489 1028 2555 deam
1057 2487 1197 2555 hoc
1227 2487 1386 2555 loco
1421 2507 1576 2557 esse
1607 2492 2224 2575 repraesentatam
2256 2493 2381 2555 aut
2411 2509 2592 2569 quae
2639 2489 2949 2555 victoria

579 2602 947 2686 reportata
988 2602 1316 2680 pateram
1359 2599 1628 2685 implet,
1675 2602 1757 2666 ut
1798 2600 2074 2685 gratias
2107 2602 2276 2684 agat
2318 2600 2552 2667 victor
2591 2601 2718 2666 aut
2761 2618 2946 2678 quae

579 2711 961 2778 victoriam
989 2709 1313 2776 futuram
1341 2710 1632 2793 indicat,
1664 2710 1741 2777 id
1775 2710 1967 2791 quod
1997 2729 2209 2796 saepe
2239 2710 2669 2777 invenimus.
2746 2709 2946 2776 Illud

579 2821 869 2902 quidem
916 2819 1033 2887 hic
1080 2819 1638 2906 praeferendum
1680 2824 1805 2904 est,
1853 2822 1916 2888 si
1945 2820 2165 2887 modo
2212 2819 2678 2887 anathemata
2720 2821 2945 2887 fuisse

581 2931 760 3002 haec
809 2930 1227 3018 anaglypha
1277 2934 1471 2999 recte
1527 2936 1770 2999 censet
1810 2931 2008 2999 Jahn
2029 2986 2044 3013 ‚
2091 2933 2520 3018 praesertim
2576 2951 2745 2998 cum
2797 2930 2945 2998 huc

575 3043 768 3111 trahi
842 3045 1056 3123 queat
1122 3042 1308 3109 illud
1382 3042 1798 3125 vasculum,
1876 3042 2067 3122 quod
2138 3042 2529 3109 delineavit
2599 3040 2948 3108 Panofka

580 3154 856 3236 (Musee
901 3152 1164 3220 Blacas
1210 3153 1306 3220 tb.
1355 3152 1471 3234 L),
1516 3154 1645 3220 ubi
1689 3154 1993 3220 victoria
2045 3153 2252 3235 libat,
2308 3156 2389 3219 ut
2442 3153 2718 3238 gratias
2773 3156 2948 3237 agat

576 3265 883 3331 victoria
929 3264 1020 3331 ab
1070 3263 1551 3330 Acamantide
1595 3264 1793 3331 tribu
1837 3267 2063 3349 parta.
2097 3299 2180 3308 —
2213 3264 2312 3329 At
2354 3262 2544 3331 hanc
2591 3264 2947 3343 quaestio-

578 3393 745 3441 nem
787 3394 1014 3453 usque
1049 3374 1147 3439 ad
1194 3372 1388 3441 hunc
1421 3372 1611 3440 diem
1658 3393 1827 3441 raro
1859 3374 1949 3440 ad
2000 3373 2355 3454 liquidum
2387 3374 2688 3460 perduci
2730 3392 2946 3460 posse

581 3504 806 3570 supra
847 3484 1251 3570 patefacere
1297 3488 1598 3551 conatus
1645 3504 1826 3550 sum.

679 3639 707 3673 -,
749 3594 948 3661 Inter
975 3593 1107 3660 illa
1144 3594 1462 3678 vascula,
1510 3595 1585 3661 in
1626 3596 1886 3675 quibus
1918 3595 2515 3662 consuetudinem
2543 3594 2947 3662 humanam

577 3706 654 3772 in
725 3705 898 3773 deos
969 3704 1397 3771 translatam
1469 3706 1910 3789 invenimus,
1976 3725 2064 3772 ea
2135 3726 2410 3787 quoque
2485 3704 2948 3773 numeranda

581 3819 766 3898 sunt,
812 3817 942 3884 ubi
986 3816 1104 3882 dei
1135 3813 1454 3901 Olympii
1482 3817 1559 3881 in
1603 3817 1937 3884 convivio
1970 3819 2373 3883 versantur.
2447 3815 2613 3883 Huc
2659 3818 2949 3902 praeter

580 3927 825 3994 omnia
875 3926 953 3993 id
998 3928 1274 4012 spectat
1317 3926 1727 4009 vasculum,
1793 3926 1984 4007 quod
2037 3927 2279 3993 rubris
2333 3925 2589 4011 figuris
2644 3946 2689 3993 a
2734 3924 2948 3993 Sosia

718 4042 795 4137 —¹)
838 4070 1044 4125 Griech.
1083 4069 1500 4123 Bilderchronik.
1539 4088 1587 4140 p.
1625 4072 1694 4123 45
1731 4088 1842 4140 sqq.

747 4159 790 4222 2)
825 4156 902 4213 Cf.
941 4156 1205 4210 Welcker:
1278 4153 1405 4208 Alte
1440 4154 1770 4209 Denkm.·Il.
1807 4156 1883 4208 tb.
1922 4157 1969 4207 2.

747 4244 792 4308 ³)
827 4242 902 4298 Cf.
943 4242 1236 4297 Overbeck:
1279 4240 1486 4295 Griech.
1523 4241 1868 4310 Kunstmyth.
1942 4241 2088 4305 (Lief.
2129 4238 2195 4295 V.
2234 4242 2311 4294 tb.
2350 4239 2495 4294 XXI.
2532 4257 2583 4294 n.
2623 4240 2701 4293 10.
2744 4239 2847 4306 12.)

751 4331 771 4362 4
834 4329 846 4340 .
889 4330 900 4340 .

747 4332 795 4479 ⁵))
824 4328 1179 4483 31:303&ssss
1216 4412 1515 4480 anaglypho
1551 4411 1786 4465 eiusdem
1823 4412 2017 4465 formae
2053 4410 2406 4474 confirmatur,
2450 4412 2506 4464 in
2552 4428 2655 4481 quo
2702 4428 2795 4480 pro
2851 4428 2948 4465 ara

573 4500 850 4568 omphalae
887 4500 1168 4554 invenitur.
1245 4498 1321 4553 Cf.
1364 4494 1648 4551 Overbeck.
1688 4498 1721 4549 l.
1760 4515 1801 4549 c.
1842 4515 1890 4550 n.
1933 4497 2011 4549 11.
2088 4496 2165 4551 cf.
2204 4496 2359 4550 Jahn.
2399 4498 2436 4552 1.
2472 4514 2515 4550 c.
2554 4514 2605 4566 p.
2644 4497 2728 4549 47.
