3317 5117
1337 361 1757 423 ...25-

359 547 486 609 est.
579 544 806 611 Aliud
871 545 1276 626 oraculum,
1342 545 1538 630 quod
1603 545 1857 611 datum
1922 549 2029 611 est
2086 545 2181 611 ad
2241 544 2725 631 pestilentiam

361 654 832 721 avertendam
854 656 893 735 ¹)
940 658 1225 740 praeter
1255 654 1401 721 alia
1430 655 1813 725 libationes
1843 656 2289 741 praescribit,
2338 674 2525 739 quae
2569 654 2725 720 deis

358 764 608 832 inferis
669 764 1078 832 offerendae
1134 770 1329 847 sunt3
1393 769 1551 831 tum
1596 766 1687 833 de
1734 767 2086 850 sanguine
2134 765 2388 845 effUSO,
2436 764 2597 831 aliis
2644 764 2727 830 fit

359 878 646 943 mentio
727 874 1186 963 Quamquam
1219 876 1383 944 aliis
1416 877 1569 944 deis
1610 876 1900 960 libatur,
1948 876 2109 943 aliis
2141 877 2439 943 victima
2466 876 2725 942 immo-

359 986 586 1070 latur,
649 990 896 1054 tamen
957 990 1107 1054 tota
1170 988 1613 1054 caerimonia
1675 987 2015 1055 habenda
2076 990 2183 1053 est
2244 986 2724 1073 piacula.riS.²)

357 1096 562 1176 Quae
610 1118 776 1165 cum
823 1100 926 1165 ita
969 1100 1130 1181 sint,
1178 1099 1642 1166 statuendum
1690 1118 1845 1167 esse
1889 1098 2072 1165 mihi
2113 1099 2461 1185 persuasi,
2511 1099 2723 1164 certis

357 1207 874 1303 occasionibus
917 1228 1064 1275 non
1120 1209 1562 1276 sacrificium
1611 1209 1849 1276 solum
1903 1209 2298 1296 piaculare,
2364 1208 2493 1275 sed
2556 1228 2723 1275 cum

357 1318 826 1385 libationibus
904 1320 1371 1385 coniunctum
1443 1319 1558 1386 vel
1628 1319 2013 1386 libationes
2088 1319 2280 1385 solas
2356 1318 2722 1386 adhibitas

354 1448 532 1494 esse.
627 1428 826 1507 Quae
882 1432 962 1495 ut
1008 1431 1416 1497 accuratius
1463 1429 1929 1511 definiantur,
1986 1430 2397 1496 testimonia
2443 1429 2721 1509 desunt,

357 1562 396 1605 e
445 1540 710 1624 quibus
755 1539 936 1607 haec
981 1560 1097 1606 res
1143 1540 1404 1607 melius
1449 1539 1914 1624 intelligatur.

531 1649 812 1717 Summi
865 1655 973 1718 est
1016 1651 1363 1718 momenti
1419 1652 1877 1733 constituere,
1944 1672 2084 1737 quo
2149 1650 2365 1717 modo
2420 1650 2724 1717 fecerint

355 1758 625 1827 Graeci
668 1761 846 1827 iuris
891 1762 1186 1828 iurandi
1232 1762 1731 1829 caerimonias,
1809 1761 1970 1841 Qua
2013 1761 2103 1828 de
2133 1781 2211 1827 re
2240 1759 2721 1842 Bernhardiss)

357 1874 458 1937 ita
507 1871 864 1954 disseruit,
911 1876 992 1938 ut
1038 1872 1234 1939 dicat
1275 1873 1594 1958 primum
1641 1872 1730 1938 de
1760 1872 1891 1939 illa
1924 1872 2287 1953 libatione,
2334 1891 2521 1957 quae
2552 1892 2720 1938 cum

353 1981 715 2048 sacrificio
763 1984 1150 2049 coniuncta
1179 1983 1564 2065 invenitur,
1610 1985 1768 2049 tum
1801 1983 1889 2050 de
1918 1983 2263 2050 libatione
2296 1982 2468 2049 sola.
2548 1981 2721 2061 Qui·
2807 2067 2813 2073 ⁸

353 2094 490 2157 bus
557 2094 799 2161 verbis
861 2093 1042 2161 haec
1107 2093 1337 2161 addit:
1412 2094 1554 2158 Aus
1607 2093 1729 2159 den
1784 2096 2001 2160 beiden
2066 2095 2359 2159 leta-teron
2421 2094 2719 2174 Versew)

347 2205 494 2287 yelct
537 2204 784 2280 hemor,
846 2206 996 2269 dass
1050 2206 1150 2270 dic
1195 2206 1497 2271 Libation
1551 2206 1713 2271 auch
1768 2206 1865 2270 bei
1906 2206 2117 2269 Eiden
2162 2209 2233 2269 in
2284 2206 2459 2271 ihrer
2499 2206 2719 2270 selbst-

350 2316 687 2398 stiindiqen
733 2317 933 2379 Form
978 2318 1076 2381 als
1121 2316 1520 2399 abyekiiretes
1557 2314 1765 2399 Opfer
1803 2317 2223 2398 Anwenduny
2268 2314 2456 2396 f'cmd.
2526 2316 2721 2381 Dema

351 2445 417 2489 es
461 2428 546 2489 ist
590 2427 946 2508 unmoylich
991 2428 1439 2508 amunehmen,
1501 2429 1650 2493 dass
1706 2428 1816 2492 der
1858 2426 2153 2507 Dichter,
2213 2428 2425 2492 indem
2478 2448 2547 2491 er
2599 2429 2719 2491 den

352 2536 903 2601 uehensc‘ichlichen
947 2539 1079 2602 Akt
1124 2540 1231 2603 des
1277 2538 1608 2603 Libierens
1650 2538 2014 2616 hervorhob‚
2076 2538 2259 2603 dabei
2314 2540 2415 2603 die
2456 2538 2715 2620 Haupt-

350 2646 569 2726 sadw,
613 2648 731 2713 das
791 2648 850 2711 T
847 2648 1178 2730 hieropfhr,
1237 2650 1732 2714 mitverstanden
1774 2651 2000 2713 wissen
2043 2650 2265 2713 wollte.
2358 2647 2557 2727 Quae
2622 2649 2717 2716 ad

352 2757 580 2824 verba
631 2757 810 2825 haec
867 2759 1404 2826 animadvertit:
1475 2759 1642 2825 Dem
1686 2760 2120 2840 widerspricht
2166 2760 2505 2825 natiirlich.
2542 2760 2717 2823 nicht

351 2868 453 2931 dic
527 2867 909 2943 ssiat-sache,
982 2870 1132 2934 dass
1191 2872 1264 2933 in
1326 2869 1906 2935 nachhomerischer
1968 2869 2112 2933 Zeit
2178 2863 2465 2931 σπονδαί
2540 2871 2714 2935 Aus-

348 2980 549 3044 druch
609 2980 725 3059 fiir
786 2980 905 3044 das
973 2980 1394 3063 vollstc'indiqc
1463 2976 1953 3061 Vertraqsopfer
2008 2980 2335 3062 yeworden
2396 2983 2499 3045 ist.
2585 2979 2716 3045 Die

355 3096 430 3152 tea
449 3090 608 3153 mimi
663 3089 927 3155 teclmici
981 3090 1189 3154 bildcn
1241 3091 1374 3154 sich
1427 3091 1577 3155 eben
1629 3090 1793 3153 nach
1842 3090 2027 3153 ihren
2080 3092 2333 3171 eiyenen
2393 3088 2713 3155 Gesetzcn.

349 3198 713 3283 Equidem
761 3199 850 3265 de
893 3198 1012 3270 his
1062 3200 1279 3265 rebus
1332 3199 1546 3285 plane
1597 3199 1804 3265 aliter
1849 3200 2106 3281 sentiO,
2172 3202 2386 3285 atque
2432 3200 2553 3267 ille
2599 3202 2713 3267 vir

349 3309 625 3375 doctus.
706 3308 958 3396 Neque
992 3311 1186 3377 enim
1215 3310 1638 3377 libationem
1670 3313 1950 3376 tantum
1981 3310 2325 3393 valuisse,
2358 3315 2711 3397 quantum

348 3419 721 3489 victimam
767 3420 1080 3487 refutare
1126 3422 1273 3487 iam
1319 3440 1541 3507 supra
1584 3424 1886 3487 conatus
1941 3440 2133 3502 sum,
2196 3424 2353 3487 tum
2395 3422 2483 3487 iis
2528 3422 2710 3489 locis

346 3529 854 3612 consideratis,
919 3532 1044 3617 qui
1107 3532 1219 3616 ad,
1254 3531 1444 3599 hanc
1507 3532 1745 3617 ipsam
1806 3534 2303 3617 quaestionem
2364 3536 2708 3619 spectant,

345 3640 605 3706 eodem
659 3641 876 3707 modo
930 3641 1034 3724 id,
1092 3642 1288 3728 quod
1342 3643 1715 3729 proposui,
1778 3642 2130 3709 firmatur.
2223 3642 2519 3727 Errant,
2584 3644 2711 3729 qui

351 3754 624 3836 putent,
699 3753 847 3818 iam
911 3751 1315 3819 Homerum
1369 3753 1966 3820 consuetudinem
2019 3755 2307 3820 novisse
2369 3754 2709 3821 victimae

347 3863 423 3926 in
497 3862 652 3928 iure
737 3862 1046 3929 iurando
1120 3863 1681 3945 comburendae,
1762 3863 1840 3930 id
1919 3864 2115 3949 quod
2188 3865 2707 3949 posterioribus

526 4074 562 4139 ¹)
600 4073 813 4127 Kaibcl:
853 4071 1034 4143 Epigr.
1071 4092 1242 4143 graec.
1278 4092 1328 4127 n.
1371 4075 1517 4128 1034.

521 4161 562 4220 ⁸²)
601 4158 676 4213 Cf.
714 4160 908 4213 ibidem
945 4177 996 4213 n.
1038 4160 1185 4227 1035,
1227 4160 1345 4213 alia.

522 4247 563 4304 ³)
601 4246 635 4297 l.
675 4262 716 4297 c.
754 4262 802 4313 p.
844 4245 924 4299 11.

523 4330 563 4394 ⁴)
605 4330 754 4385 Hom.
792 4330 890 4385 Od.
933 4335 963 4397 ξ
1000 4332 1117 4397 331,
1156 4351 1204 4385 τ.
1242 4330 1359 4384 288.
