3317 5117
549 1424 715 1525 Etsi
757 1460 906 1525 iam
966 1458 1180 1525 multi
1231 1461 1301 1525 et
1355 1458 1757 1526 doctissimi
1811 1460 1951 1525 viri
2004 1459 2093 1525 de
2146 1461 2235 1526 iis
2281 1461 2739 1527 caerimoniis

379 1568 894 1651 disseruerunt,
940 1588 1122 1655 quas
1166 1568 1534 1636 faciebant
1578 1566 1841 1637 Graeci
1886 1569 2069 1651 deiS‚
2123 1568 2493 1651 heroibUS,
2548 1591 2741 1637 mor-

374 1681 538 1764 tuis,
583 1686 828 1746 tamen
871 1699 1102 1765 usque
1149 1679 1246 1745 ad
1288 1678 1426 1746 hoc
1469 1682 1782 1766 tempus,
1830 1683 2182 1765 quantum
2227 1681 2397 1763 scio,
2444 1701 2742 1749 accura-

377 1791 517 1857 tius
573 1790 848 1857 dictum
909 1811 1055 1858 non
1109 1793 1218 1857 est
1278 1790 1368 1857 de
1425 1789 1767 1857 sacrificii
1820 1790 2141 1876 quodam
2184 1810 2475 1875 genere,
2540 1792 2737 1878 quod

377 1901 684 1987 dignum
729 1901 1043 1983 videtur,
1107 1901 1196 1968 de
1243 1921 1385 1988 quo
1440 1900 1797 1985 singulari
1840 1900 2085 1968 libello
2134 1900 2563 1987 disputetur,
2633 1902 2683 1969 d
2702 1922 2740 1968 e

373 2012 874 2079 libatione.
967 2009 1182 2091 Quod
1231 2010 1396 2079 fieri
1446 2031 1594 2078 non
1635 2030 1849 2097 posse
1900 2010 2081 2077 mihi
2134 2031 2564 2097 persuasum
2610 2016 2738 2096 est,

372 2124 514 2190 nisi
559 2122 996 2189 adumbrata
1039 2121 1360 2207 quadam
1406 2121 1913 2208 descriptione,
1969 2142 2136 2188 cum
2189 2125 2392 2189 tanta
2445 2123 2538 2190 sit
2579 2142 2733 2189 ma-

370 2234 570 2315 teria,
616 2237 697 2298 ut
731 2232 1066 2300 omnibus
1097 2232 1398 2318 prolatis
1430 2253 1515 2300 ac
1559 2234 2016 2318 pertractatis
2048 2231 2228 2300 haec
2262 2233 2499 2319 opella
2536 2234 2730 2301 ultra

371 2344 674 2411 modum
720 2343 1166 2411 extendatur.

1516 2737 1588 2817 Ι.

539 2924 945 2991 Exordium
988 2926 1274 3011 capiam
1319 2926 1411 2992 ab
1457 2926 1546 2991 iis
1576 2926 1815 3007 rebus,
1862 2944 2047 3011 quae
2086 2926 2464 2991 nominum
2507 2926 2726 2991 inter-

366 3036 766 3121 pretatione
796 3035 1093 3120 probari
1122 3034 1239 3101 vel
1269 3035 1695 3101 verisimiles
1725 3033 1883 3101 fieri
1927 3037 2255 3120 possunt3
2278 3038 2324 3117 1)
2357 3034 2724 3121 ImPrimis

366 3146 508 3212 tria
562 3144 999 3213 adhibentur
1053 3145 1305 3227 verba,
1368 3145 1631 3230 quibus
1680 3145 1865 3212 actio
1919 3144 2200 3220 libandi
2245 3144 2727 3229 significatur:

369 3256 685 3341 primum
731 3252 1048 3333 σπένδειν,
1097 3255 1185 3322 (16
1231 3274 1374 3341 quo
1404 3254 1718 3321 flectitur
1764 3274 1905 3321 vox
1953 3247 2235 3340 σπονὸή;
2282 3255 2543 3322 deinde
2588 3250 2726 3318 λεί-

363 3371 538 3450 βειν,
615 3366 703 3433 (16
767 3386 909 3453 quo
977 3357 1199 3449 λοιβής
1262 3367 1418 3431 tum
1476 3366 1642 3443 χεῖν,
1710 3364 1905 3451 quod
1969 3365 2555 3465 cqniungendum
2617 3370 2726 3433 est

367 3498 538 3545 cum
579 3500 717 3561 χοη.

535 3589 645 3655 Ac
690 3588 1008 3675 primum
1053 3588 1348 3673 quidem
1402 3586 1584 3653 mihi
1637 3586 2159 3673 disputandum
2214 3590 2321 3653 est
2374 3587 2463 3654 de
2518 3583 2729 3649 σπέν-

363 3698 522 3777 δειν,
581 3700 784 3766 cuius
837 3698 1161 3765 radicem
1206 3699 1355 3764 iam
1398 3698 1476 3764 in
1521 3697 1876 3764 Indorum
1919 3696 2176 3783 lingua
2216 3698 2528 3764 inveniri
2569 3697 2718 3765 iere

364 3828 613 3876 omnes
683 3809 824 3875 viri
890 3808 1086 3876 docti
1154 3809 1611 3876 consentiunt
1680 3809 1848 3891 rati,
1922 3804 2275 3871 σπένδ-ειν
2347 3812 2498 3875 arte
2560 3828 2717 3877 esse

364 3919 953 4005 conjungendum
984 3939 1151 3986 cum
1180 3921 1403 4001 smmi,
1446 3920 1769 4001 spande,²)
1815 3918 2011 4006 quod
2050 3920 2460 4004 germanice
2506 3921 2722 3985 verti-

361 4051 552 4097 mus:
623 4034 889 4103 zmken,
964 4031 1389 4112 ausschlayen.
1507 4027 1969 4117 Quamquam
2036 4051 2185 4097 non
2253 4031 2723 4097 inveniuntur

543 4198 580 4267 ¹)
616 4200 841 4267 Magnas
877 4217 976 4269 ago
1013 4202 1216 4269 gratias
1254 4201 1308 4253 P.
1337 4199 1707 4254 Kretschmero
1742 4218 1788 4254 v,
1826 4200 1876 4253 d.
1914 4202 2005 4269 qui
2041 4200 2139 4253 has
2174 4200 2549 4253 controversias
2586 4199 2722 4252 diffi-

365 4285 590 4339 cillimas
627 4286 890 4355 explicans
926 4287 1139 4340 consilio
1174 4287 1398 4355 benigne
1435 4302 1518 4339 me
1553 4286 1772 4339 adiuvit.
1814 4317 1881 4325 --

539 4372 581 4435 2)
619 4370 695 4425 Cf.
735 4370 796 4423 G.
837 4371 1075 4426 Curtius:
1115 4370 1434 4439 Grundziige
1470 4372 1563 4425 der
1597 4370 1959 4440 griechischen
1995 4370 2322 4438 Etymologie
2357 4387 2407 4439 p.
2444 4369 2560 4423 247.

2386 4456 2409 4507 1
