3317 5117
1549 397 1973 458 -44-

586 580 1012 663 habebatur,
1047 580 1174 646 sed
1195 581 1432 663 etiam,
1465 581 1591 666 qui
1616 600 1960 665 agrorum
1978 582 2383 646 ubertatem
2413 578 2697 647 colebat
2726 584 2939 667 atque

587 693 880 758 omnino
926 692 1197 757 bonam
1239 690 1603 757 fortunam
1648 692 2044 777 praebebat
2085 690 2521 758 hominibus,
2610 690 2753 757 Hie
2796 690 2941 757 Ro-

585 822 784 869 mam
829 801 1223 867 translatus
1254 801 1501 867 Bonus
1530 801 1853 868 Eventus
1892 802 2396 868 celebrabatur
2433 801 2693 869 iisdem
2734 822 2944 887 prae-

590 913 783 979 ditus
806 913 1214 996 virtutibuS,
1247 914 1510 999 quibus
1541 900 1836 995 Ἀγαθὲς
1866 908 2747 993 &alumno—Graecorum
2775 933 2942 979 con-

520 1077 527 1081 .
590 1024 1005 1089 suetudines
1056 1023 1196 1090 hac
1240 1025 1316 1091 in
1368 1026 1604 1110 prima
1655 1025 2001 1091 libatione
2047 1024 2365 1110 profecto
2412 1025 2655 1090 varias
2697 1024 2941 1104 fuisse,

589 1135 656 1201 ei
709 1136 1143 1220 scriptorum
1188 1136 1331 1202 loci
1378 1135 1903 1218 demonstrant,
1964 1136 2088 1221 qui
2133 1137 2419 1201 exstant
2462 1135 2553 1201 de
2596 1135 2941 1221 libatione

591 1244 770 1311 deae
811 1234 1076 1327 εΥγίεια.
1148 1244 1343 1311 Nam
1398 1250 1478 1311 ut
1523 1250 1736 1312 antea
1789 1247 2225 1312 invenimus:
2283 1234 2587 1328 Ἀγαθοῦ
2636 1230 2947 1325 δαίμονος

588 1349 1053 1440 μετάνιπτρον,
1098 1358 1202 1423 ita
1243 1356 1701 1423 Nicostratus
1715 1358 1763 1438 62)
1813 1357 2010 1423 dicit:
2080 1343 2567 1435 Μετανιπτρίδ’
2618 1353 2793 1439 αὐτῷ
2836 1364 2948 1447 τῆς

563 1456 869 1550 ,Ὑγιείας
938 1462 1162 1550 ἔγχεον.
1283 1465 1444 1547 Qua
1498 1467 1587 1533 de
1649 1488 1727 1533 re
1807 1466 2013 1532 multi
2076 1467 2201 1533 alii
2272 1467 2469 1534 idem
2542 1467 2876 1534 referunt.
2894 1468 2983 1547 3)·

594 1576 739 1646 Sed
801 1577 970 1644 huic
1038 1578 1444 1664 quaestioni
1505 1578 1715 1644 affert
1774 1578 2121 1643 momenti
2185 1578 2673 1663 aliquantum,
2750 1577 2947 1665 quod

595 1688 770 1755 dicit
812 1688 1076 1755 Pollux
1109 1688 1257 1769 (VI.
1299 1688 1478 1770 100):
1532 1676 1572 1772 ἡ
1619 1684 1690 1749 δὲ
1732 1684 2161 1768 μετανιπτρὶς
2203 1681 2395 1764 κύλιξ
2434 1682 2629 1765 ἐστίν,
2676 1676 2753 1773 ἣν
2784 1685 2949 1768 μετὰ

593 1799 668 1862 τὸ
716 1786 1207 1881 ἀπονίψασθαι
1251 1791 1641 1880 ἐλάμβανον·
1708 1798 1783 1860 τὸ
1838 1795 1909 1861 δὲ
1961 1789 2166 1879 ’ὄνομα
2224 1796 2296 1861 οὗ
2347 1798 2464 1862 τοῦ
2506 1792 2677 1861 κατὰ
2720 1798 2796 1861 τὸ
2840 1792 2949 1861 ἔκ-

594 1934 801 1990 πωμα
865 1910 1215 1995 σχήματος,
1281 1899 1448 1972 ἄλλα
1509 1920 1622 1994 τῆς
1681 1902 1940 1985 τάξεως.
2003 1895 2081 1994 ἦν
2142 1906 2214 1973 δὲ
2274 1906 2388 1972 καὶ
2438 1898 2725 1993 εΥγιείας
2787 1900 2946 1989 ἱερά,

592 2011 814 2106 ὥσπερ
848 2018 964 2084 καὶ
996 2010 1159 2097 Λιὸς
1189 2022 1475 2105 σωτῗρος
1523 2010 1556 2084 ὃ
1601 2016 1818 2101 τρίτος
1858 2015 2103 2105 κρατὴρ
2152 2014 2318 2105 ἱερὸς
2361 2007 2454 2106 ἦν.
2531 2009 2835 2103 'slya-9013
2879 2018 2957 2086 δὲ,

597 2127 906 2213 δαίμονος
949 2121 982 2195 ὃ
1028 2126 1192 2212 μετὰ
1238 2128 1356 2208 τὰς
1398 2129 1733 2216 τραπέζας
1779 2120 2064 2213 ἄκρατος
2111 2182 2123 2193 .
2176 2182 2189 2193 .
2240 2182 2252 2193 .
2306 2183 2317 2195 .

770 2243 903 2310 His
948 2246 1025 2311 in
1067 2245 1310 2311 verbis
1359 2245 1827 2328 distinguitur
1879 2235 2069 2320 κύλιξ
2107 2238 2558 2326 μετανιπτρίς,
2614 2263 2799 2330 quae
2844 2246 2953 2309 est

591 2344 894 2437 ‘Yyaelag,
943 2376 988 2421 a
1014 2355 1358 2422 libatione
1398 2344 1699 2436 >Λγαθοῦ
1744 2349 2069 2434 δαίμονος,
2118 2375 2303 2440 quae
2333 2355 2415 2421 fit
2457 2348 2621 2436 μετὰ
2655 2348 2775 2430 τοὶς
2802 2376 2957 2437 τρα-

598 2463 825 2543 πέζας.
915 2466 1122 2532 Idem
1177 2466 1317 2532 alio
1362 2466 1528 2533 loco·
1571 2465 1713 2544 (VI.
1762 2468 1896 2547 30),
1963 2467 2089 2532 ubi
2152 2466 2241 2533 de
2302 2466 2527 2533 variis
2591 2467 2955 2552 compota-

598 2578 814 2644 tionis
857 2577 1184 2643 moribus
1232 2576 1536 2659 disserit,
1581 2575 1764 2643 haec
1809 2576 2052 2643 refert:
2105 2574 2221 2638 καὶ
2266 2570 2474 2651 πότος
2514 2569 2957 2659 μεταδόρπιος

599 2684 713 2750 καὶ
758 2679 948 2764 κύλιξ
986 2683 1412 2768 μετανιπτρὶς
1456 2675 1494 2771 ἡ
1540 2682 1658 2749 ἐπὶ
1716 2687 1958 2770 πᾶσιν,
2022 2708 2207 2773 quae
2253 2689 2480 2754 Verba
2521 2686 2962 2773 respondent

599 2800 772 2867 illis:
816 2793 980 2879 μετὰ
1026 2792 1145 2873 τοὶς
1185 2794 1519 2878 τραπέζας
1564 2800 1634 2865 et
1661 2794 1849 2875 κύλιξ
1873 2794 2301 2881 μειανιπτρίς
2332 2799 2483 2881 (VI.
2522 2803 2688 2878 100).
2764 2798 2962 2865 Fieri

599 2930 811 2997 posse
858 2930 1133 2991 oense0,
1179 2913 1261 2974 ut
1302 2908 1417 2975 his
1463 2909 1641 2976 locis
1690 2910 1964 2977 dietum
2009 2911 2127 2993 sit,
2177 2910 2359 2976 duas
2405 2910 2675 2976 effundi
2720 2909 2960 2977 libati-

605 3040 798 3102 oneS,
845 3020 1150 3086 alteram
1178 3015 1341 3100 μετὰ
1372 3014 1491 3094 τὰς
1519 3017 1850 3101 τραπέζας
1878 3020 1995 3087 vel
2021 3013 2463 3104 μεταδόρπιος
2504 3014 2727 3098 πότος,
2774 3040 2961 3107 quae

604 3135 714 3199 est
746 3119 1050 3213 ’Λγαθοῦ
1094 3126 1404 3211 δαίμονος
1441 3132 1748 3197 alteram
1791 3128 2223 3212 μετανιπτρὶς
2248 3120 2547 3215 (Ῡγιείας.
2619 3132 2961 3199 Fortasse

606 3242 702 3308 ad
746 3241 880 3307 has
927 3241 1111 3308 duas
1154 3243 1536 3309 libationes
1584 3244 1911 3327 spectant
1955 3243 2180 3309 verba
2223 3243 2760 3329 Antiphanis:⁴)

913 3373 987 3442 τὸ
1033 3372 1348 3463 ποτήριόν
1388 3401 1502 3458 μοι
1548 3372 1623 3441 τὸ
1667 3374 1835 3460 μέγα
1880 3374 2240 3463 προσφέρει
2284 3371 2522 3459 λαβών.

911 3481 1251 3575 ἐνεχεάμην
1295 3479 1578 3573 ἄκρατον
1623 3477 1762 3567 οὗχὶ
1806 3488 2059 3573 παιδιᾷ

913 3591 1209 3675 κυάθους
1251 3598 1429 3663 θεῶν
1470 3621 1539 3661 τε
1582 3595 1699 3661 καὶ
1744 3599 2037 3663 θεαινῶν
2077 3593 2375 3679 μυρίους·

915 3697 1126 3773 ἔπειτ’
1175 3706 1294 3772 ἐπὶ
1336 3702 1595 3785 τούτοις
1637 3709 1813 3772 πᾶσι
1858 3710 1971 3794 τῆς
2015 3709 2247 3795 σεμνῆς
2289 3709 2454 3784 θεᾶς

916 3817 1032 3883 καὶ
1076 3820 1194 3883 τοῦ
1236 3813 1629 3903 γλυκυτάτου
1672 3816 2000 3903 βασιλέως
2044 3815 2399 3902 διμοιρίαν.

789 4025 826 4093 ¹)
864 4025 940 4080 Cf.
978 4023 1201 4079 Preller:
1237 4024 1390 4078 Rom.
1425 4024 1682 4093 Myth01.³
1718 4025 1787 4078 II.
1824 4044 1874 4095 p.
1914 4026 2029 4079 257.
2066 4024 2114 4078 8.

784 4113 828 4177 ²)
860 4111 1008 4165 Koek
1044 4108 1110 4163 ΙΙ.
1148 4128 1197 4180 p.
1235 4110 1352 4164 220.
1390 4129 1442 4164 n.
1479 4111 1529 4165 3.

784 4197 829 4262 ³)
865 4196 940 4251 Cf.
979 4196 1208 4249 Philhet.
1237 4213 1318 4266 ap.
1347 4196 1512 4249 Kock.
1547 4196 1615 4249 ΙΙ.
1653 4198 1756 4251 230
1779 4215 1829 4251 n.
1859 4198 1903 4250 1.
1932 4195 2152 4249 Calliam
2176 4195 2362 4260 (Kock.
2390 4195 2431 4249 1.
2469 4196 2583 4249 695.
2622 4214 2672 4250 n.
2710 4196 2781 4261 6.)
2815 4195 2973 4248 Anti-

612 4284 841 4354 phanem
875 4282 1059 4348 (Kook.
1094 4282 1163 4335 Π.
1201 4301 1254 4353 p.
1291 4282 1358 4335 72
1395 4300 1446 4335 n.
1488 4283 1625 4347 149.)
2750 4288 2759 4295 “

784 4368 827 4435 ⁴)
861 4368 1077 4436 Didym.
1117 4369 1179 4423 fr.
1215 4369 1248 4422 3
1283 4368 1468 4435 (Kock.
1509 4368 1578 4423 ΙΙ.
1616 4385 1665 4437 p.
1700 4368 1770 4421 44
1804 4385 1854 4421 n.
1893 4365 1996 4433 81).
