<?xml version="1.0" encoding="UTF-8"?>
<!DOCTYPE html PUBLIC "-//W3C//DTD XHTML 1.0 Transitional//EN"
    "http://www.w3.org/TR/xhtml1/DTD/xhtml1-transitional.dtd">
<html xmlns="http://www.w3.org/1999/xhtml" xml:lang="en" lang="en">
 <head>
  <title>
</title>
<meta http-equiv="Content-Type" content="text/html;charset=utf-8" />
  <meta name='ocr-system' content='tesseract 3.04.00' />
  <meta name='ocr-capabilities' content='ocr_page ocr_carea ocr_par ocr_line ocrx_word'/>
</head>
<body>
  <div class='ocr_page' id='page_1' title='image "./delibationevete01fritgoog_0047.png"; bbox 0 0 3317 5117; ppageno 0'>
   <div class='ocr_carea' id='block_1_1' title="bbox 245 616 2730 4055">
    <p class='ocr_par' dir='ltr' id='par_1_1' title="bbox 357 616 2730 1589">
     <span class='ocr_line' id='line_1_1' title="bbox 365 616 2729 704; baseline 0.001 -21"><span class='ocrx_word' id='word_1_1' title='bbox 365 617 816 704; x_wconf 88' lang='lat' dir='ltr'>adscriptum</span> <span class='ocrx_word' id='word_1_2' title='bbox 870 622 977 684; x_wconf 91' lang='lat' dir='ltr'>est</span> <span class='ocrx_word' id='word_1_3' title='bbox 1021 622 1274 699; x_wconf 81' lang='grc' dir='ltr'><em>ΠΛΙΣ,</em></span> <span class='ocrx_word' id='word_1_4' title='bbox 1330 619 1583 684; x_wconf 90' lang='lat' dir='ltr'>vinum</span> <span class='ocrx_word' id='word_1_5' title='bbox 1636 618 1991 685; x_wconf 82' lang='lat' dir='ltr'>infundat.</span> <span class='ocrx_word' id='word_1_6' title='bbox 2084 616 2226 698; x_wconf 83' lang='lat' dir='ltr'>Qui</span> <span class='ocrx_word' id='word_1_7' title='bbox 2279 619 2573 685; x_wconf 91' lang='lat' dir='ltr'>omnino</span> <span class='ocrx_word' id='word_1_8' title='bbox 2618 639 2729 685; x_wconf 92' lang='lat' dir='ltr'>re-</span> 
     </span>
     <span class='ocr_line' id='line_1_2' title="bbox 364 728 2728 815; baseline 0 -22"><span class='ocrx_word' id='word_1_9' title='bbox 364 729 672 813; x_wconf 78' lang='lat' dir='ltr'>spondet</span> <span class='ocrx_word' id='word_1_10' title='bbox 729 729 884 795; x_wconf 87' lang='lat' dir='ltr'>vini</span> <span class='ocrx_word' id='word_1_11' title='bbox 951 730 1280 795; x_wconf 87' lang='lat' dir='ltr'>ministro</span> <span class='ocrx_word' id='word_1_12' title='bbox 1345 748 1875 814; x_wconf 81' lang='lat' dir='ltr'>saepenumero·</span> <span class='ocrx_word' id='word_1_13' title='bbox 1938 730 2014 796; x_wconf 98' lang='grc'>111</span> <span class='ocrx_word' id='word_1_14' title='bbox 2074 729 2220 797; x_wconf 90' lang='lat' dir='ltr'>illis</span> <span class='ocrx_word' id='word_1_15' title='bbox 2294 728 2728 815; x_wconf 79' lang='lat' dir='ltr'>anaglyphis</span> 
     </span>
     <span class='ocr_line' id='line_1_3' title="bbox 365 838 2730 925; baseline 0.001 -22"><span class='ocrx_word' id='word_1_16' title='bbox 365 838 568 905; x_wconf 92' lang='lat' dir='ltr'>heroi</span> <span class='ocrx_word' id='word_1_17' title='bbox 630 838 989 905; x_wconf 70' lang='lat' dir='ltr'>adiuncto</span> <span class='ocrx_word' id='word_1_18' title='bbox 1039 875 1114 883; x_wconf 96' lang='lat'>—</span> <span class='ocrx_word' id='word_1_19' title='bbox 1167 839 1253 905; x_wconf 93' lang='lat' dir='ltr'>In</span> <span class='ocrx_word' id='word_1_20' title='bbox 1306 859 1389 905; x_wconf 93' lang='lat' dir='ltr'>eo</span> <span class='ocrx_word' id='word_1_21' title='bbox 1445 841 1585 917; x_wconf 84' lang='lat' dir='ltr'>est,</span> <span class='ocrx_word' id='word_1_22' title='bbox 1649 842 1732 904; x_wconf 92' lang='lat' dir='ltr'>ut</span> <span class='ocrx_word' id='word_1_23' title='bbox 1781 860 1963 925; x_wconf 90' lang='lat' dir='ltr'>puer</span> <span class='ocrx_word' id='word_1_24' title='bbox 2016 860 2054 905; x_wconf 90' lang='lat' dir='ltr'>e</span> <span class='ocrx_word' id='word_1_25' title='bbox 2110 842 2384 906; x_wconf 91' lang='lat' dir='ltr'>cratere</span> <span class='ocrx_word' id='word_1_26' title='bbox 2436 838 2730 906; x_wconf 89' lang='lat' dir='ltr'>hauriat</span> 
     </span>
     <span class='ocr_line' id='line_1_4' title="bbox 365 949 2727 1036; baseline 0.001 -22"><span class='ocrx_word' id='word_1_27' title='bbox 365 950 635 1015; x_wconf 76' lang='lat' dir='ltr'>vinum.</span> <span class='ocrx_word' id='word_1_28' title='bbox 668 987 748 993; x_wconf 96' lang='lat'>—</span> <span class='ocrx_word' id='word_1_29' title='bbox 781 950 1036 1035; x_wconf 89' lang='lat' dir='ltr'>Itaque</span> <span class='ocrx_word' id='word_1_30' title='bbox 1085 950 1172 1015; x_wconf 92' lang='lat' dir='ltr'>de</span> <span class='ocrx_word' id='word_1_31' title='bbox 1216 949 1498 1017; x_wconf 89' lang='lat' dir='ltr'>libandi</span> <span class='ocrx_word' id='word_1_32' title='bbox 1541 950 1840 1033; x_wconf 84' lang='lat' dir='ltr'>actione,</span> <span class='ocrx_word' id='word_1_33' title='bbox 1889 970 2031 1036; x_wconf 92' lang='lat' dir='ltr'>quo</span> <span class='ocrx_word' id='word_1_34' title='bbox 2077 950 2295 1016; x_wconf 92' lang='lat' dir='ltr'>modo</span> <span class='ocrx_word' id='word_1_35' title='bbox 2340 951 2417 1016; x_wconf 94' lang='lat' dir='ltr'>in</span> <span class='ocrx_word' id='word_1_36' title='bbox 2460 954 2727 1035; x_wconf 81' lang='lat' dir='ltr'>myste-</span> 
     </span>
     <span class='ocr_line' id='line_1_5' title="bbox 363 1059 2727 1146; baseline -0 -20"><span class='ocrx_word' id='word_1_37' title='bbox 363 1061 492 1126; x_wconf 84' lang='lat' dir='ltr'>riis</span> <span class='ocrx_word' id='word_1_38' title='bbox 555 1060 886 1127; x_wconf 79' lang='lat' dir='ltr'>adhibita</span> <span class='ocrx_word' id='word_1_39' title='bbox 951 1062 1070 1142; x_wconf 86' lang='lat' dir='ltr'>sit,</span> <span class='ocrx_word' id='word_1_40' title='bbox 1135 1060 1271 1127; x_wconf 92' lang='lat' dir='ltr'>hoc</span> <span class='ocrx_word' id='word_1_41' title='bbox 1345 1081 1632 1146; x_wconf 87' lang='lat' dir='ltr'>quoque</span> <span class='ocrx_word' id='word_1_42' title='bbox 1705 1080 1744 1126; x_wconf 93' lang='lat' dir='ltr'>e</span> <span class='ocrx_word' id='word_1_43' title='bbox 1822 1060 2123 1127; x_wconf 75' lang='lat' dir='ltr'>vasculo</span> <span class='ocrx_word' id='word_1_44' title='bbox 2186 1059 2371 1126; x_wconf 89' lang='lat' dir='ltr'><strong>nihil</strong></span> <span class='ocrx_word' id='word_1_45' title='bbox 2434 1059 2727 1127; x_wconf 88' lang='lat' dir='ltr'>conclu-</span> 
     </span>
     <span class='ocr_line' id='line_1_6' title="bbox 363 1170 2724 1258; baseline 0.001 -22"><span class='ocrx_word' id='word_1_46' title='bbox 363 1170 686 1237; x_wconf 88' lang='lat' dir='ltr'>dendum</span> <span class='ocrx_word' id='word_1_47' title='bbox 748 1174 891 1253; x_wconf 87' lang='lat' dir='ltr'>est,</span> <span class='ocrx_word' id='word_1_48' title='bbox 956 1171 1298 1256; x_wconf 91' lang='lat' dir='ltr'>quoniam</span> <span class='ocrx_word' id='word_1_49' title='bbox 1359 1171 1816 1256; x_wconf 90' lang='lat' dir='ltr'>necrodipnii</span> <span class='ocrx_word' id='word_1_50' title='bbox 1865 1170 2128 1245; x_wconf 76' lang='lat' dir='ltr'>forma,</span> <span class='ocrx_word' id='word_1_51' title='bbox 2188 1174 2272 1236; x_wconf 90' lang='lat' dir='ltr'>ut</span> <span class='ocrx_word' id='word_1_52' title='bbox 2332 1190 2546 1258; x_wconf 82' lang='lat' dir='ltr'>saepe</span> <span class='ocrx_word' id='word_1_53' title='bbox 2598 1171 2724 1239; x_wconf 90' lang='lat' dir='ltr'>fie-</span> 
     </span>
     <span class='ocr_line' id='line_1_7' title="bbox 359 1280 2727 1367; baseline -0.001 -17"><span class='ocrx_word' id='word_1_54' title='bbox 359 1283 514 1363; x_wconf 91' lang='lat' dir='ltr'>bat,</span> <span class='ocrx_word' id='word_1_55' title='bbox 579 1282 674 1348; x_wconf 91' lang='lat' dir='ltr'>ad</span> <span class='ocrx_word' id='word_1_56' title='bbox 730 1283 903 1349; x_wconf 92' lang='lat' dir='ltr'>deos</span> <span class='ocrx_word' id='word_1_57' title='bbox 948 1282 1215 1348; x_wconf 85' lang='lat' dir='ltr'>inferos</span> <span class='ocrx_word' id='word_1_58' title='bbox 1266 1281 1622 1347; x_wconf 88' lang='lat' dir='ltr'>translata</span> <span class='ocrx_word' id='word_1_59' title='bbox 1673 1280 1865 1363; x_wconf 88' lang='lat' dir='ltr'>est.¹)</span> <span class='ocrx_word' id='word_1_60' title='bbox 1918 1318 1989 1326; x_wconf 91' lang='lat'><strong>—</strong></span> <span class='ocrx_word' id='word_1_61' title='bbox 2038 1281 2149 1348; x_wconf 91' lang='lat' dir='ltr'>De</span> <span class='ocrx_word' id='word_1_62' title='bbox 2209 1282 2616 1367; x_wconf 84' lang='lat' dir='ltr'>liquoribus</span> <span class='ocrx_word' id='word_1_63' title='bbox 2679 1303 2727 1347; x_wconf 86' lang='lat' dir='ltr'>a</span> 
     </span>
     <span class='ocr_line' id='line_1_8' title="bbox 357 1392 2721 1478; baseline 0.001 -20"><span class='ocrx_word' id='word_1_64' title='bbox 357 1393 839 1459; x_wconf 84' lang='lat' dir='ltr'>maenadibus</span> <span class='ocrx_word' id='word_1_65' title='bbox 899 1392 1190 1459; x_wconf 88' lang='lat' dir='ltr'>Baccho</span> <span class='ocrx_word' id='word_1_66' title='bbox 1264 1393 1506 1459; x_wconf 87' lang='lat' dir='ltr'>effusis</span> <span class='ocrx_word' id='word_1_67' title='bbox 1569 1392 2020 1478; x_wconf 79' lang='lat' dir='ltr'>Euripides‘2)</span> <span class='ocrx_word' id='word_1_68' title='bbox 2096 1393 2355 1459; x_wconf 88' lang='lat' dir='ltr'>docere</span> <span class='ocrx_word' id='word_1_69' title='bbox 2415 1393 2721 1478; x_wconf 87' lang='lat' dir='ltr'>videtur,</span> 
     </span>
     <span class='ocr_line' id='line_1_9' title="bbox 361 1504 732 1589; baseline -0.003 -19"><span class='ocrx_word' id='word_1_70' title='bbox 361 1505 488 1589; x_wconf 90' lang='lat' dir='ltr'>qui</span> <span class='ocrx_word' id='word_1_71' title='bbox 532 1504 732 1570; x_wconf 88' lang='lat' dir='ltr'>dicit:</span> 
     </span>
    </p>

    <p class='ocr_par' dir='ltr' id='par_1_2' title="bbox 602 1616 2477 1715">
     <span class='ocr_line' id='line_1_10' title="bbox 602 1616 2477 1715; baseline 0.001 -22"><span class='ocrx_word' id='word_1_72' title='bbox 602 1632 699 1713; x_wconf 83' lang='grc' dir='ltr'>ῥεῖ</span> <span class='ocrx_word' id='word_1_73' title='bbox 744 1627 815 1693; x_wconf 78' lang='grc' dir='ltr'>δὲ</span> <span class='ocrx_word' id='word_1_74' title='bbox 857 1622 1135 1714; x_wconf 79' lang='grc' dir='ltr'><em>γάλακτι</em></span> <span class='ocrx_word' id='word_1_75' title='bbox 1177 1626 1404 1714; x_wconf 78' lang='grc' dir='ltr'><em>πέδον,</em></span> <span class='ocrx_word' id='word_1_76' title='bbox 1450 1632 1548 1714; x_wconf 84' lang='grc' dir='ltr'>ῥεῖ</span> <span class='ocrx_word' id='word_1_77' title='bbox 1591 1616 1645 1692; x_wconf 71' lang='grc' dir='ltr'>δ’</span> <span class='ocrx_word' id='word_1_78' title='bbox 1670 1623 1853 1713; x_wconf 77' lang='grc' dir='ltr'><em>οἴνῳ,</em></span> <span class='ocrx_word' id='word_1_79' title='bbox 1900 1630 1998 1715; x_wconf 79' lang='grc' dir='ltr'>ῥεῖ</span> <span class='ocrx_word' id='word_1_80' title='bbox 2041 1626 2113 1693; x_wconf 77' lang='grc' dir='ltr'>δὲ</span> <span class='ocrx_word' id='word_1_81' title='bbox 2156 1629 2477 1711; x_wconf 81' lang='grc' dir='ltr'><em>μελισσᾶν</em></span> 
     </span>
    </p>

    <p class='ocr_par' dir='ltr' id='par_1_3' title="bbox 603 1720 2270 1825">
     <span class='ocr_line' id='line_1_11' title="bbox 603 1720 2270 1825; baseline -0.001 -22"><span class='ocrx_word' id='word_1_82' title='bbox 603 1738 876 1825; x_wconf 79' lang='grc' dir='ltr'><strong><em>νέκταρι,</em></strong></span> <span class='ocrx_word' id='word_1_83' title='bbox 923 1736 1164 1823; x_wconf 69' lang='grc' dir='ltr'><strong><em>Συρίας</em></strong></span> <span class='ocrx_word' id='word_1_84' title='bbox 1211 1730 1272 1803; x_wconf 77' lang='grc' dir='ltr'>δ’</span> <span class='ocrx_word' id='word_1_85' title='bbox 1297 1729 1385 1816; x_wconf 78' lang='grc' dir='ltr'>ὥς</span> <span class='ocrx_word' id='word_1_86' title='bbox 1428 1732 1697 1823; x_wconf 77' lang='grc' dir='ltr'><em>λιβάνου</em></span> <span class='ocrx_word' id='word_1_87' title='bbox 1741 1733 2013 1816; x_wconf 77' lang='grc' dir='ltr'><strong><em>καπνός,</em></strong></span> <span class='ocrx_word' id='word_1_88' title='bbox 2263 1720 2270 1727; x_wconf 40' lang='grc'><strong>”</strong></span> 
     </span>
    </p>

    <p class='ocr_par' dir='ltr' id='par_1_4' title="bbox 245 1869 2723 4055">
     <span class='ocr_line' id='line_1_12' title="bbox 530 1869 2720 1955; baseline -0.001 -19"><span class='ocrx_word' id='word_1_89' title='bbox 530 1870 689 1936; x_wconf 90' lang='lat' dir='ltr'>Iam</span> <span class='ocrx_word' id='word_1_90' title='bbox 735 1890 908 1936; x_wconf 91' lang='lat' dir='ltr'>vero</span> <span class='ocrx_word' id='word_1_91' title='bbox 939 1873 1308 1936; x_wconf 76' lang='lat' dir='ltr'>transeam</span> <span class='ocrx_word' id='word_1_92' title='bbox 1353 1869 1449 1936; x_wconf 93' lang='lat' dir='ltr'>ad</span> <span class='ocrx_word' id='word_1_93' title='bbox 1493 1889 1616 1936; x_wconf 89' lang='lat' dir='ltr'>eas</span> <span class='ocrx_word' id='word_1_94' title='bbox 1660 1870 2064 1950; x_wconf 81' lang='lat' dir='ltr'>libationeS,</span> <span class='ocrx_word' id='word_1_95' title='bbox 2112 1890 2297 1955; x_wconf 89' lang='lat' dir='ltr'>quae</span> <span class='ocrx_word' id='word_1_96' title='bbox 2328 1869 2600 1936; x_wconf 90' lang='lat' dir='ltr'>fiebant</span> <span class='ocrx_word' id='word_1_97' title='bbox 2642 1870 2720 1935; x_wconf 90' lang='lat' dir='ltr'>in</span> 
     </span>
     <span class='ocr_line' id='line_1_13' title="bbox 360 1978 2719 2067; baseline -0 -20"><span class='ocrx_word' id='word_1_98' title='bbox 360 1980 807 2047; x_wconf 87' lang='lat' dir='ltr'>Graecorum</span> <span class='ocrx_word' id='word_1_99' title='bbox 827 1981 1198 2049; x_wconf 81' lang='lat' dir='ltr'>conviviis,</span> <span class='ocrx_word' id='word_1_100' title='bbox 1247 1978 1708 2067; x_wconf 85' lang='lat' dir='ltr'>Quamquam</span> <span class='ocrx_word' id='word_1_101' title='bbox 1726 1981 2245 2066; x_wconf 78' lang='lat' dir='ltr'>posterioribus</span> <span class='ocrx_word' id='word_1_102' title='bbox 2273 1981 2719 2067; x_wconf 78' lang='lat' dir='ltr'>temporibus</span> 
     </span>
     <span class='ocr_line' id='line_1_14' title="bbox 358 2091 2719 2158; baseline -0 -1"><span class='ocrx_word' id='word_1_103' title='bbox 358 2094 591 2158; x_wconf 90' lang='lat' dir='ltr'>certas</span> <span class='ocrx_word' id='word_1_104' title='bbox 621 2091 1003 2157; x_wconf 82' lang='lat' dir='ltr'>libationes</span> <span class='ocrx_word' id='word_1_105' title='bbox 1049 2092 1125 2157; x_wconf 90' lang='lat' dir='ltr'>in</span> <span class='ocrx_word' id='word_1_106' title='bbox 1170 2092 1370 2157; x_wconf 91' lang='lat' dir='ltr'>omni</span> <span class='ocrx_word' id='word_1_107' title='bbox 1414 2092 1748 2158; x_wconf 90' lang='lat' dir='ltr'>convivio</span> <span class='ocrx_word' id='word_1_108' title='bbox 1796 2110 1841 2156; x_wconf 92' lang='lat' dir='ltr'>a</span> <span class='ocrx_word' id='word_1_109' title='bbox 1886 2092 2211 2158; x_wconf 90' lang='lat' dir='ltr'>convivis</span> <span class='ocrx_word' id='word_1_110' title='bbox 2253 2092 2517 2158; x_wconf 85' lang='lat' dir='ltr'>effusas</span> <span class='ocrx_word' id='word_1_111' title='bbox 2562 2110 2719 2157; x_wconf 88' lang='lat' dir='ltr'>esse</span> 
     </span>
     <span class='ocr_line' id='line_1_15' title="bbox 357 2200 2723 2293; baseline 0 -25"><span class='ocrx_word' id='word_1_112' title='bbox 357 2204 658 2283; x_wconf 81' lang='lat' dir='ltr'>constat,</span> <span class='ocrx_word' id='word_1_113' title='bbox 704 2203 946 2293; x_wconf 81' lang='lat' dir='ltr'>tamen</span> <span class='ocrx_word' id='word_1_114' title='bbox 979 2204 1307 2267; x_wconf 78' lang='lat' dir='ltr'>auctores</span> <span class='ocrx_word' id='word_1_115' title='bbox 1341 2201 1429 2267; x_wconf 92' lang='lat' dir='ltr'>de</span> <span class='ocrx_word' id='word_1_116' title='bbox 1466 2200 1610 2267; x_wconf 91' lang='lat' dir='ltr'>illis</span> <span class='ocrx_word' id='word_1_117' title='bbox 1642 2202 1746 2268; x_wconf 88' lang='lat' dir='ltr'>ita</span> <span class='ocrx_word' id='word_1_118' title='bbox 1787 2202 1976 2267; x_wconf 91' lang='lat' dir='ltr'>inter</span> <span class='ocrx_word' id='word_1_119' title='bbox 2021 2221 2095 2267; x_wconf 90' lang='lat' dir='ltr'>se</span> <span class='ocrx_word' id='word_1_120' title='bbox 2144 2201 2593 2282; x_wconf 90' lang='lat' dir='ltr'>dissentiunt,</span> <span class='ocrx_word' id='word_1_121' title='bbox 2640 2206 2723 2268; x_wconf 91' lang='lat' dir='ltr'>ut</span> 
     </span>
     <span class='ocr_line' id='line_1_16' title="bbox 357 2311 2719 2395; baseline 0.001 -18"><span class='ocrx_word' id='word_1_122' title='bbox 357 2311 654 2379; x_wconf 85' lang='lat' dir='ltr'>difficile</span> <span class='ocrx_word' id='word_1_123' title='bbox 700 2314 817 2395; x_wconf 85' lang='lat' dir='ltr'>sit,</span> <span class='ocrx_word' id='word_1_124' title='bbox 874 2313 1404 2379; x_wconf 89' lang='lat' dir='ltr'>controversias</span> <span class='ocrx_word' id='word_1_125' title='bbox 1451 2312 1874 2380; x_wconf 89' lang='lat' dir='ltr'>diiudicare.</span> <span class='ocrx_word' id='word_1_126' title='bbox 1964 2311 2295 2379; x_wconf 88' lang='lat' dir='ltr'>Primum</span> <span class='ocrx_word' id='word_1_127' title='bbox 2342 2312 2584 2380; x_wconf 87' lang='lat' dir='ltr'>dicam</span> <span class='ocrx_word' id='word_1_128' title='bbox 2628 2313 2719 2380; x_wconf 93' lang='lat' dir='ltr'>de</span> 
     </span>
     <span class='ocr_line' id='line_1_17' title="bbox 353 2404 2722 2511; baseline 0.001 -22"><span class='ocrx_word' id='word_1_129' title='bbox 353 2422 444 2489; x_wconf 90' lang='lat' dir='ltr'>iis</span> <span class='ocrx_word' id='word_1_130' title='bbox 491 2421 990 2504; x_wconf 77' lang='lat' dir='ltr'>libationibUS‚</span> <span class='ocrx_word' id='word_1_131' title='bbox 1047 2442 1228 2508; x_wconf 87' lang='lat' dir='ltr'>quas</span> <span class='ocrx_word' id='word_1_132' title='bbox 1277 2426 1470 2489; x_wconf 87' lang='lat' dir='ltr'>certo</span> <span class='ocrx_word' id='word_1_133' title='bbox 1516 2426 1763 2489; x_wconf 90' lang='lat' dir='ltr'>tenore</span> <span class='ocrx_word' id='word_1_134' title='bbox 1810 2404 2378 2490; x_wconf 42' lang='lat' dir='ltr'>adhibitas&#39;esse</span> <span class='ocrx_word' id='word_1_135' title='bbox 2423 2425 2722 2511; x_wconf 89' lang='lat' dir='ltr'>probari</span> 
     </span>
     <span class='ocr_line' id='line_1_18' title="bbox 353 2533 2717 2622; baseline 0.002 -24"><span class='ocrx_word' id='word_1_136' title='bbox 353 2536 606 2619; x_wconf 91' lang='lat' dir='ltr'>potest.</span> <span class='ocrx_word' id='word_1_137' title='bbox 681 2533 843 2599; x_wconf 92' lang='lat' dir='ltr'>Iam</span> <span class='ocrx_word' id='word_1_138' title='bbox 882 2553 1105 2618; x_wconf 92' lang='lat' dir='ltr'>supra</span> <span class='ocrx_word' id='word_1_139' title='bbox 1134 2534 1359 2600; x_wconf 89' lang='lat' dir='ltr'>verba</span> <span class='ocrx_word' id='word_1_140' title='bbox 1386 2533 1526 2600; x_wconf 82' lang='lat' dir='ltr'>feci</span> <span class='ocrx_word' id='word_1_141' title='bbox 1558 2533 1646 2599; x_wconf 96' lang='lat' dir='ltr'>de</span> <span class='ocrx_word' id='word_1_142' title='bbox 1681 2554 1947 2601; x_wconf 86' lang='lat' dir='ltr'>coenae</span> <span class='ocrx_word' id='word_1_143' title='bbox 1979 2535 2468 2617; x_wconf 89' lang='lat' dir='ltr'>caerimoniis;</span> <span class='ocrx_word' id='word_1_144' title='bbox 2532 2556 2717 2622; x_wconf 91' lang='lat' dir='ltr'>quae</span> 
     </span>
     <span class='ocr_line' id='line_1_19' title="bbox 353 2643 2715 2731; baseline 0.001 -22"><span class='ocrx_word' id='word_1_145' title='bbox 353 2645 436 2709; x_wconf 93' lang='lat' dir='ltr'>ut</span> <span class='ocrx_word' id='word_1_146' title='bbox 465 2646 802 2710; x_wconf 88' lang='lat' dir='ltr'>accurate</span> <span class='ocrx_word' id='word_1_147' title='bbox 831 2643 1140 2727; x_wconf 79' lang='lat' dir='ltr'>intelligi</span> <span class='ocrx_word' id='word_1_148' title='bbox 1173 2644 1469 2729; x_wconf 88' lang='lat' dir='ltr'>possint,</span> <span class='ocrx_word' id='word_1_149' title='bbox 1517 2643 1706 2711; x_wconf 88' lang='lat' dir='ltr'>duae</span> <span class='ocrx_word' id='word_1_150' title='bbox 1749 2646 1989 2731; x_wconf 90' lang='lat' dir='ltr'>partes</span> <span class='ocrx_word' id='word_1_151' title='bbox 2036 2644 2417 2730; x_wconf 93' lang='lat' dir='ltr'>epularum</span> <span class='ocrx_word' id='word_1_152' title='bbox 2464 2645 2715 2712; x_wconf 90' lang='lat' dir='ltr'>distin-</span> 
     </span>
     <span class='ocr_line' id='line_1_20' title="bbox 354 2748 2715 2840; baseline 0.002 -21"><span class='ocrx_word' id='word_1_153' title='bbox 354 2754 688 2839; x_wconf 84' lang='lat' dir='ltr'>guendae</span> <span class='ocrx_word' id='word_1_154' title='bbox 734 2757 920 2836; x_wconf 87' lang='lat' dir='ltr'>sunt,</span> <span class='ocrx_word' id='word_1_155' title='bbox 968 2773 1278 2840; x_wconf 92' lang='lat' dir='ltr'>quarum</span> <span class='ocrx_word' id='word_1_156' title='bbox 1321 2755 1520 2839; x_wconf 91' lang='lat' dir='ltr'>prior</span> <span class='ocrx_word' id='word_1_157' title='bbox 1565 2752 1850 2837; x_wconf 78' lang='grc' dir='ltr'><em>δεῖπνον,</em></span> <span class='ocrx_word' id='word_1_158' title='bbox 1898 2753 2126 2821; x_wconf 91' lang='lat' dir='ltr'>altera</span> <span class='ocrx_word' id='word_1_159' title='bbox 2172 2748 2545 2835; x_wconf 76' lang='grc' dir='ltr'><em>συμπόσιον</em></span> <span class='ocrx_word' id='word_1_160' title='bbox 2587 2777 2715 2822; x_wconf 86' lang='lat' dir='ltr'>vo-</span> 
     </span>
     <span class='ocr_line' id='line_1_21' title="bbox 355 2864 2715 2953; baseline 0 -21"><span class='ocrx_word' id='word_1_161' title='bbox 355 2868 579 2932; x_wconf 88' lang='lat' dir='ltr'>catur.</span> <span class='ocrx_word' id='word_1_162' title='bbox 613 2902 698 2908; x_wconf 89' lang='lat'>—</span> <span class='ocrx_word' id='word_1_163' title='bbox 726 2864 1068 2931; x_wconf 89' lang='lat' dir='ltr'>Dubitari</span> <span class='ocrx_word' id='word_1_164' title='bbox 1111 2866 1360 2949; x_wconf 88' lang='lat' dir='ltr'>potest,</span> <span class='ocrx_word' id='word_1_165' title='bbox 1405 2884 1584 2930; x_wconf 93' lang='lat' dir='ltr'>num</span> <span class='ocrx_word' id='word_1_166' title='bbox 1622 2865 1875 2932; x_wconf 89' lang='lat' dir='ltr'>libatio</span> <span class='ocrx_word' id='word_1_167' title='bbox 1905 2865 2102 2931; x_wconf 84' lang='lat' dir='ltr'>facta</span> <span class='ocrx_word' id='word_1_168' title='bbox 2131 2866 2240 2948; x_wconf 89' lang='lat' dir='ltr'>sit,</span> <span class='ocrx_word' id='word_1_169' title='bbox 2285 2867 2715 2953; x_wconf 88' lang='lat' dir='ltr'>priusquam</span> 
     </span>
     <span class='ocr_line' id='line_1_22' title="bbox 355 2974 2711 3060; baseline 0 -17"><span class='ocrx_word' id='word_1_170' title='bbox 355 2996 600 3058; x_wconf 85' lang='lat' dir='ltr'>coena,</span> <span class='ocrx_word' id='word_1_171' title='bbox 646 2975 724 3042; x_wconf 94' lang='lat' dir='ltr'>id</span> <span class='ocrx_word' id='word_1_172' title='bbox 770 2978 879 3042; x_wconf 92' lang='lat' dir='ltr'>est</span> <span class='ocrx_word' id='word_1_173' title='bbox 920 2974 1202 3051; x_wconf 77' lang='grc' dir='ltr'><em>δεῖπνον,</em></span> <span class='ocrx_word' id='word_1_174' title='bbox 1257 2975 1713 3060; x_wconf 85' lang='lat' dir='ltr'>inciperetur.</span> <span class='ocrx_word' id='word_1_175' title='bbox 1804 2976 2025 3043; x_wconf 81' lang='lat' dir='ltr'>Recte</span> <span class='ocrx_word' id='word_1_176' title='bbox 2070 2976 2483 3044; x_wconf 88' lang='lat' dir='ltr'>Bernhardi</span> <span class='ocrx_word' id='word_1_177' title='bbox 2524 2978 2711 3044; x_wconf 92' lang='lat' dir='ltr'>iudi-</span> 
     </span>
     <span class='ocr_line' id='line_1_23' title="bbox 353 3084 2712 3175; baseline 0.001 -23"><span class='ocrx_word' id='word_1_178' title='bbox 353 3087 490 3167; x_wconf 88' lang='lat' dir='ltr'>cat,</span> <span class='ocrx_word' id='word_1_179' title='bbox 505 3085 555 3167; x_wconf 76' lang='grc'>3)</span> <span class='ocrx_word' id='word_1_180' title='bbox 608 3084 750 3152; x_wconf 90' lang='grc'>1100</span> <span class='ocrx_word' id='word_1_181' title='bbox 793 3085 1090 3171; x_wconf 91' lang='lat' dir='ltr'>probari</span> <span class='ocrx_word' id='word_1_182' title='bbox 1131 3104 1278 3150; x_wconf 90' lang='lat' dir='ltr'>non</span> <span class='ocrx_word' id='word_1_183' title='bbox 1321 3104 1534 3170; x_wconf 92' lang='lat' dir='ltr'>posse</span> <span class='ocrx_word' id='word_1_184' title='bbox 1577 3084 1883 3151; x_wconf 89' lang='lat' dir='ltr'>Homeri</span> <span class='ocrx_word' id='word_1_185' title='bbox 1928 3087 2403 3168; x_wconf 83' lang='lat' dir='ltr'>carminibus3</span> <span class='ocrx_word' id='word_1_186' title='bbox 2475 3107 2712 3175; x_wconf 89' lang='lat' dir='ltr'>neque</span> 
     </span>
     <span class='ocr_line' id='line_1_24' title="bbox 349 3195 2710 3282; baseline 0.002 -20"><span class='ocrx_word' id='word_1_187' title='bbox 349 3197 870 3282; x_wconf 87' lang='lat' dir='ltr'>posterioribus</span> <span class='ocrx_word' id='word_1_188' title='bbox 914 3195 1386 3281; x_wconf 83' lang='lat' dir='ltr'>temporibuS‚</span> <span class='ocrx_word' id='word_1_189' title='bbox 1435 3198 1791 3281; x_wconf 88' lang='lat' dir='ltr'>quantum</span> <span class='ocrx_word' id='word_1_190' title='bbox 1836 3197 2015 3280; x_wconf 86' lang='lat' dir='ltr'>scie,</span> <span class='ocrx_word' id='word_1_191' title='bbox 2063 3199 2349 3263; x_wconf 86' lang='lat' dir='ltr'>exstant</span> <span class='ocrx_word' id='word_1_192' title='bbox 2392 3199 2710 3266; x_wconf 90' lang='lat' dir='ltr'>testimo-</span> 
     </span>
     <span class='ocr_line' id='line_1_25' title="bbox 350 3304 2709 3394; baseline 0 -22"><span class='ocrx_word' id='word_1_193' title='bbox 350 3308 493 3388; x_wconf 90' lang='lat' dir='ltr'>nia,</span> <span class='ocrx_word' id='word_1_194' title='bbox 541 3327 726 3393; x_wconf 90' lang='lat' dir='ltr'>quae</span> <span class='ocrx_word' id='word_1_195' title='bbox 770 3306 909 3373; x_wconf 93' lang='lat' dir='ltr'>hoc</span> <span class='ocrx_word' id='word_1_196' title='bbox 955 3306 1264 3372; x_wconf 90' lang='lat' dir='ltr'>firmant.</span> <span class='ocrx_word' id='word_1_197' title='bbox 1339 3304 1536 3371; x_wconf 92' lang='lat' dir='ltr'>Nam</span> <span class='ocrx_word' id='word_1_198' title='bbox 1565 3304 1925 3373; x_wconf 86' lang='lat' dir='ltr'>Athenaei</span> <span class='ocrx_word' id='word_1_199' title='bbox 1953 3305 2155 3373; x_wconf 92' lang='lat' dir='ltr'>locus</span> <span class='ocrx_word' id='word_1_200' title='bbox 2190 3307 2338 3388; x_wconf 89' lang='lat' dir='ltr'>(IV.</span> <span class='ocrx_word' id='word_1_201' title='bbox 2371 3328 2438 3394; x_wconf 92' lang='lat' dir='ltr'>p.</span> <span class='ocrx_word' id='word_1_202' title='bbox 2478 3312 2599 3376; x_wconf 88' lang='lat'>143</span> <span class='ocrx_word' id='word_1_203' title='bbox 2632 3309 2709 3390; x_wconf 90' lang='lat' dir='ltr'>E)</span> 
     </span>
     <span class='ocr_line' id='line_1_26' title="bbox 349 3413 2711 3503; baseline 0.003 -20"><span class='ocrx_word' id='word_1_204' title='bbox 349 3437 498 3483; x_wconf 91' lang='lat' dir='ltr'>non</span> <span class='ocrx_word' id='word_1_205' title='bbox 553 3420 832 3503; x_wconf 85' lang='lat' dir='ltr'>spectat</span> <span class='ocrx_word' id='word_1_206' title='bbox 882 3417 1026 3484; x_wconf 90' lang='lat' dir='ltr'>nisi</span> <span class='ocrx_word' id='word_1_207' title='bbox 1078 3415 1173 3482; x_wconf 91' lang='lat' dir='ltr'>ad</span> <span class='ocrx_word' id='word_1_208' title='bbox 1218 3413 1512 3481; x_wconf 88' lang='lat' dir='ltr'>Cretum</span> <span class='ocrx_word' id='word_1_209' title='bbox 1566 3417 2181 3484; x_wconf 85' lang='lat' dir='ltr'>consuetudinem.</span> <span class='ocrx_word' id='word_1_210' title='bbox 2275 3417 2420 3487; x_wconf 89' lang='lat' dir='ltr'>Sed</span> <span class='ocrx_word' id='word_1_211' title='bbox 2465 3422 2711 3488; x_wconf 90' lang='lat' dir='ltr'>tenen-</span> 
     </span>
     <span class='ocr_line' id='line_1_27' title="bbox 354 3526 2708 3613; baseline 0.002 -19"><span class='ocrx_word' id='word_1_212' title='bbox 354 3528 532 3594; x_wconf 93' lang='lat' dir='ltr'>dum</span> <span class='ocrx_word' id='word_1_213' title='bbox 577 3530 711 3609; x_wconf 87' lang='lat' dir='ltr'>est,</span> <span class='ocrx_word' id='word_1_214' title='bbox 776 3527 971 3613; x_wconf 91' lang='lat' dir='ltr'>quod</span> <span class='ocrx_word' id='word_1_215' title='bbox 1015 3545 1237 3612; x_wconf 88' lang='lat' dir='ltr'>supra</span> <span class='ocrx_word' id='word_1_216' title='bbox 1287 3527 1616 3612; x_wconf 84' lang='lat' dir='ltr'>exposui,</span> <span class='ocrx_word' id='word_1_217' title='bbox 1679 3526 1989 3593; x_wconf 90' lang='lat' dir='ltr'>libatum</span> <span class='ocrx_word' id='word_1_218' title='bbox 2037 3547 2193 3596; x_wconf 92' lang='lat' dir='ltr'>esse</span> <span class='ocrx_word' id='word_1_219' title='bbox 2252 3529 2333 3596; x_wconf 92' lang='lat' dir='ltr'>in</span> <span class='ocrx_word' id='word_1_220' title='bbox 2384 3550 2508 3597; x_wconf 90' lang='lat' dir='ltr'>eas</span> <span class='ocrx_word' id='word_1_221' title='bbox 2555 3532 2708 3598; x_wconf 92' lang='lat' dir='ltr'>ani-</span> 
     </span>
     <span class='ocr_line' id='line_1_28' title="bbox 353 3637 2707 3726; baseline 0.002 -22"><span class='ocrx_word' id='word_1_222' title='bbox 353 3638 662 3705; x_wconf 91' lang='lat' dir='ltr'>malium</span> <span class='ocrx_word' id='word_1_223' title='bbox 718 3640 989 3723; x_wconf 84' lang='lat' dir='ltr'>parteS‚</span> <span class='ocrx_word' id='word_1_224' title='bbox 1045 3656 1226 3723; x_wconf 91' lang='lat' dir='ltr'>quas</span> <span class='ocrx_word' id='word_1_225' title='bbox 1274 3638 1625 3704; x_wconf 88' lang='lat' dir='ltr'>convivae</span> <span class='ocrx_word' id='word_1_226' title='bbox 1676 3637 1828 3704; x_wconf 92' lang='lat' dir='ltr'>deis</span> <span class='ocrx_word' id='word_1_227' title='bbox 1885 3640 2309 3707; x_wconf 90' lang='lat' dir='ltr'>comburere</span> <span class='ocrx_word' id='word_1_228' title='bbox 2359 3641 2707 3726; x_wconf 89' lang='lat' dir='ltr'>solebant,</span> 
     </span>
     <span class='ocr_line' id='line_1_29' title="bbox 348 3747 2709 3835; baseline 0.002 -21"><span class='ocrx_word' id='word_1_229' title='bbox 348 3748 778 3835; x_wconf 88' lang='lat' dir='ltr'>priusquam</span> <span class='ocrx_word' id='word_1_230' title='bbox 821 3748 962 3833; x_wconf 91' lang='lat' dir='ltr'>ipsi</span> <span class='ocrx_word' id='word_1_231' title='bbox 1005 3747 1098 3813; x_wconf 94' lang='lat' dir='ltr'>ad</span> <span class='ocrx_word' id='word_1_232' title='bbox 1138 3766 1440 3813; x_wconf 90' lang='lat' dir='ltr'>coenam</span> <span class='ocrx_word' id='word_1_233' title='bbox 1471 3747 1915 3815; x_wconf 89' lang='lat' dir='ltr'>accederent.</span> <span class='ocrx_word' id='word_1_234' title='bbox 1964 3786 2048 3793; x_wconf 89' lang='lat'>—</span> <span class='ocrx_word' id='word_1_235' title='bbox 2093 3748 2552 3818; x_wconf 89' lang='lat' dir='ltr'>Libationem</span> <span class='ocrx_word' id='word_1_236' title='bbox 2594 3772 2709 3818; x_wconf 88' lang='lat' dir='ltr'>so-</span> 
     </span>
     <span class='ocr_line' id='line_1_30' title="bbox 245 3857 2709 3953; baseline 0.002 -28"><span class='ocrx_word' id='word_1_237' title='bbox 245 3947 252 3953; x_wconf 22' lang='lat'><strong>,</strong></span> <span class='ocrx_word' id='word_1_238' title='bbox 345 3857 499 3925; x_wconf 89' lang='lat' dir='ltr'>lam</span> <span class='ocrx_word' id='word_1_239' title='bbox 540 3858 1056 3945; x_wconf 89' lang='lat' dir='ltr'>posterioribus</span> <span class='ocrx_word' id='word_1_240' title='bbox 1085 3858 1530 3942; x_wconf 89' lang='lat' dir='ltr'>temporibus</span> <span class='ocrx_word' id='word_1_241' title='bbox 1575 3895 1660 3901; x_wconf 62' lang='lat'>—‹</span> <span class='ocrx_word' id='word_1_242' title='bbox 1703 3857 2007 3926; x_wconf 93' lang='lat' dir='ltr'>Homeri</span> <span class='ocrx_word' id='word_1_243' title='bbox 2044 3861 2373 3927; x_wconf 89' lang='lat' dir='ltr'>carmina</span> <span class='ocrx_word' id='word_1_244' title='bbox 2398 3860 2570 3929; x_wconf 89' lang='lat' dir='ltr'>huic</span> <span class='ocrx_word' id='word_1_245' title='bbox 2600 3864 2709 3929; x_wconf 90' lang='lat' dir='ltr'>rei</span> 
     </span>
     <span class='ocr_line' id='line_1_31' title="bbox 345 3968 2703 4055; baseline 0.002 -20"><span class='ocrx_word' id='word_1_246' title='bbox 345 3968 532 4036; x_wconf 88' lang='lat' dir='ltr'>nihil</span> <span class='ocrx_word' id='word_1_247' title='bbox 561 3968 1024 4055; x_wconf 88' lang='lat' dir='ltr'>suppeditant</span> <span class='ocrx_word' id='word_1_248' title='bbox 1051 4005 1134 4011; x_wconf 97' lang='lat'><strong>—</strong></span> <span class='ocrx_word' id='word_1_249' title='bbox 1163 3987 1566 4054; x_wconf 90' lang='lat' dir='ltr'>numquam</span> <span class='ocrx_word' id='word_1_250' title='bbox 1596 3988 1753 4035; x_wconf 89' lang='lat' dir='ltr'>esse</span> <span class='ocrx_word' id='word_1_251' title='bbox 1782 3970 2190 4054; x_wconf 86' lang='lat' dir='ltr'>neglectam</span> <span class='ocrx_word' id='word_1_252' title='bbox 2223 3991 2450 4038; x_wconf 89' lang='lat' dir='ltr'>coena</span> <span class='ocrx_word' id='word_1_253' title='bbox 2476 3971 2703 4055; x_wconf 90' lang='lat' dir='ltr'>finita,</span> 
     </span>
    </p>
   </div>
   <div class='ocr_carea' id='block_1_2' title="bbox 345 4143 589 4148">
    <p class='ocr_par' dir='ltr' id='par_1_5' title="bbox 345 4143 589 4148">
     <span class='ocr_line' id='line_1_32' title="bbox 345 4143 589 4148; baseline 0 0"><span class='ocrx_word' id='word_1_254' title='bbox 345 4143 589 4148; x_wconf 95' lang='lat' dir='ltr'> </span> 
     </span>
    </p>
   </div>
   <div class='ocr_carea' id='block_1_3' title="bbox 515 4220 2047 4463">
    <p class='ocr_par' dir='ltr' id='par_1_6' title="bbox 515 4220 2047 4463">
     <span class='ocr_line' id='line_1_33' title="bbox 524 4220 2047 4294; baseline -0.002 -13"><span class='ocrx_word' id='word_1_255' title='bbox 524 4226 560 4281; x_wconf 81' lang='grc' dir='ltr'>ι)</span> <span class='ocrx_word' id='word_1_256' title='bbox 599 4221 676 4277; x_wconf 86' lang='lat' dir='ltr'>cf.</span> <span class='ocrx_word' id='word_1_257' title='bbox 711 4222 1096 4289; x_wconf 67' lang='lat' dir='ltr'>Furtwangler:</span> <span class='ocrx_word' id='word_1_258' title='bbox 1131 4222 1344 4276; x_wconf 85' lang='lat' dir='ltr'>Einleit.</span> <span class='ocrx_word' id='word_1_259' title='bbox 1384 4240 1425 4276; x_wconf 88' lang='lat' dir='ltr'>z.</span> <span class='ocrx_word' id='word_1_260' title='bbox 1465 4220 1681 4276; x_wconf 87' lang='lat' dir='ltr'>Samml.</span> <span class='ocrx_word' id='word_1_261' title='bbox 1719 4224 1838 4279; x_wconf 86' lang='lat' dir='ltr'>Sab.</span> <span class='ocrx_word' id='word_1_262' title='bbox 1878 4243 1927 4294; x_wconf 91' lang='lat' dir='ltr'>p.</span> <span class='ocrx_word' id='word_1_263' title='bbox 1965 4226 2047 4278; x_wconf 84' lang='lat'>29.</span> 
     </span>
     <span class='ocr_line' id='line_1_34' title="bbox 518 4308 1186 4377; baseline -0.006 -15"><span class='ocrx_word' id='word_1_264' title='bbox 518 4309 560 4372; x_wconf 76' lang='lat'>²)</span> <span class='ocrx_word' id='word_1_265' title='bbox 596 4308 788 4361; x_wconf 83' lang='lat' dir='ltr'>Bacch.</span> <span class='ocrx_word' id='word_1_266' title='bbox 824 4325 899 4360; x_wconf 66' lang='lat' dir='ltr'>VS.</span> <span class='ocrx_word' id='word_1_267' title='bbox 943 4308 1037 4359; x_wconf 83' lang='lat'>142</span> <span class='ocrx_word' id='word_1_268' title='bbox 1075 4324 1186 4377; x_wconf 86' lang='lat' dir='ltr'>sqq.</span> 
     </span>
     <span class='ocr_line' id='line_1_35' title="bbox 515 4395 888 4463; baseline -0.008 -15"><span class='ocrx_word' id='word_1_269' title='bbox 515 4398 559 4458; x_wconf 74' lang='lat'>³)</span> <span class='ocrx_word' id='word_1_270' title='bbox 597 4395 632 4449; x_wconf 91' lang='lat'>1.</span> <span class='ocrx_word' id='word_1_271' title='bbox 671 4411 714 4447; x_wconf 75' lang='grc' dir='ltr'>ο.</span> <span class='ocrx_word' id='word_1_272' title='bbox 751 4410 801 4463; x_wconf 87' lang='lat' dir='ltr'>p.</span> <span class='ocrx_word' id='word_1_273' title='bbox 841 4395 888 4446; x_wconf 88' lang='lat'>5.</span> 
     </span>
    </p>
   </div>
  </div>
 </body>
</html>
