3317 5117
1590 454 2013 517 -86-

623 633 826 701 heroi
871 634 1162 702 additus
1209 638 1342 717 est,
1398 636 1514 703 vel
1557 636 1858 703 trullam
1876 638 1921 719 ¹)
1976 637 2089 705 vel
2140 641 2466 725 pateram
2509 637 2985 724 hirneamque

625 750 893 812 tenens.
911 746 968 827 ⁶²)
1056 744 1355 813 Praeter
1406 745 1541 813 has
1585 746 1863 831 figuras
1918 768 2103 834 quae
2150 768 2399 815 omnes
2446 751 2598 815 arte
2644 750 2993 816 coniunca

623 860 740 923 tae
785 860 978 939 sunt,
1044 854 1230 923 aliae
1275 857 1594 923 existunt
1635 857 1864 925 multo
1909 859 2227 925 minores
2269 858 2510 942 fictae,
2579 878 2765 946 quae
2811 859 2987 926 ado-

624 968 926 1035 rationis
951 972 1237 1053 gestum
1261 967 1690 1054 praebentes
1715 967 1920 1035 heroi
1940 970 2544 1055 appropinquant.
2560 968 2617 1050 ³)
2656 968 2989 1037 Dubium

625 1096 772 1145 non
817 1080 941 1160 est,
989 1079 1163 1164 quin
1208 1077 1347 1145 hae
1393 1079 1550 1145 iure
1580 1079 1971 1165 propinqui
2001 1078 2516 1163 significentur.
2593 1078 2680 1145 In
2710 1098 2985 1163 mensa,

623 1208 809 1275 quae
873 1192 1038 1255 ante
1097 1189 1366 1255 mortui
1425 1188 1695 1256 lectum
1748 1190 1984 1275 posita
2036 1192 2171 1269 est,
2233 1189 2387 1256 liba
2425 1188 2818 1276 frugesque
2864 1210 2988 1257 ex-

623 1301 898 1365 structa
942 1318 1098 1366 esse
1148 1297 1580 1366 contendere
1623 1319 1773 1365 non
1819 1299 2092 1381 dubit0,
2138 1319 2585 1387 quamquam
2631 1320 2775 1367 non
2818 1300 2987 1386 plus

625 1409 848 1476 semel
901 1410 1244 1495 cognosci
1293 1412 1528 1495 potest
1570 1430 1734 1476 uva.
1753 1412 1808 1492 ⁴)
1894 1410 2090 1478 Fieri
2135 1430 2280 1476 non
2324 1429 2565 1496 posse,
2622 1414 2702 1475 ut
2744 1412 2985 1495 partes

625 1538 1013 1607 corporum
1058 1518 1171 1585 his
1218 1519 1400 1586 cibis
1455 1521 1829 1607 appositae
1875 1521 2043 1603 sint,
2101 1542 2191 1587 ex
2237 1521 2575 1588 omnibus
2626 1521 2744 1603 iis,
2800 1540 2985 1607 quae

626 1630 716 1697 de
768 1629 908 1698 hac
961 1650 1039 1697 re
1093 1630 1424 1715 exposui,
1489 1630 1773 1698 elucere
1838 1650 2095 1698 censeo
2160 1635 2374 1717 atque
2435 1631 2525 1697 iis
2588 1631 2795 1712 loci8‚
2858 1630 2987 1696 ubi

625 1739 1092 1808 adducuntur
1136 1760 1308 1806 oves
1323 1740 1371 1821 ⁵)
1424 1740 1543 1807 vel
1597 1741 1855 1823 sue8,‘⁵)
1911 1742 2287 1826 sanguinis
2331 1739 2755 1808 libationem
2797 1740 2996 1807 indi-²

624 1852 779 1917 cari
861 1850 1043 1917 mihi
1122 1852 1468 1937 persuasi.
1573 1850 1713 1917 His
1797 1850 2015 1918 rebus
2093 1851 2392 1938 prolatis
2466 1851 2617 1917 iam
2690 1849 2987 1917 demon-

624 1961 870 2043 stravi,
915 1979 1080 2027 mea
1124 1960 1419 2047 quidem
1464 1962 1822 2028 sententia
1862 1962 1936 2027 in
1981 1960 2127 2027 illis
2159 1961 2593 2047 anaglyphis
2632 1981 2781 2028 non
2825 1980 2986 2029 coe-

622 2090 796 2137 nam
850 2070 1291 2138 cotidianam
1337 2071 1514 2154 vivi,
1571 2070 1700 2138 sed
1752 2071 2047 2138 inferias
2100 2072 2369 2138 mortui
2412 2074 2985 2157 repraesentatas

622 2201 809 2257 esse,
871 2181 951 2249 id
1011 2181 1209 2268 quod
1269 2181 1386 2248 vel
1438 2182 1526 2248 iis
1586 2182 1843 2266 figuris
1905 2181 2283 2268 probatur,
2348 2201 2534 2268 quae
2598 2181 2985 2249 adorantes

623 2290 920 2358 heroem
965 2291 1261 2375 adeunt,
1309 2292 1437 2377 qui
1479 2292 1679 2358 solus
1724 2292 1971 2358 iacens
2013 2292 2394 2359 invenitur.
2486 2290 2765 2372 Quibus
2811 2312 2986 2360 ana-

624 2401 916 2487 glyphis
978 2400 1116 2469 hoc
1178 2402 1398 2469 modo
1460 2402 1837 2489 explicatis
1911 2402 2121 2469 facile
2182 2402 2635 2487 intelligitur,
2698 2406 2983 2470 mortuo

623 2513 879 2580 adesse
922 2532 1226 2580 uxorem
1272 2517 1342 2579 et
1385 2514 1849 2600 propinquOS,
1897 2532 2209 2599 quorum
2247 2514 2565 2580 maxime
2610 2518 2783 2596 erat,
2832 2533 2984 2580 om-

625 2624 842 2692 nibus
886 2624 1104 2691 rebus
1146 2624 1373 2708 fungi,
1419 2644 1606 2710 quae
1651 2622 1750 2690 ad
1795 2623 2216 2690 defunctum
2258 2624 2732 2710 pertinebant.
2782 2661 2859 2671 -

626 2734 963 2801 Alterum
1015 2733 1201 2801 illud
1248 2752 1479 2818 genus
1543 2732 2127 2820 anaglyphorum
2188 2734 2703 2821 sepulcralium
2718 2788 2733 2817 ,
2798 2754 2985 2820 quae

626 2844 971 2932 pleraque
1003 2844 1307 2932 Spartae
1350 2848 1637 2931 reperta
1682 2848 1867 2926 sunt,
1882 2846 1929 2925 7)
1976 2849 2299 2912 mortuos
2330 2846 2627 2931 praebet
2662 2845 2736 2911 in
2784 2843 2985 2911 soliis

627 2956 1020 3023 collocatos
1066 2960 1280 3042 atque
1324 2957 1444 3037 ita,
1491 2958 1572 3022 ut
1598 2954 1862 3022 mulier
1874 2956 1922 3035 ⁸)
1968 2955 2225 3022 florem
2259 2955 2374 3022 vel
2413 2955 2692 3022 malum
2722 2974 2988 3038 grana-

624 3071 811 3150 tum,
868 3067 981 3134 vir
1044 3065 1475 3133 cantharum
1537 3069 1779 3132 tenere
1843 3065 2085 3132 soleat.
2177 3064 2313 3132 His
2358 3070 2647 3152 quoque
2689 3066 2767 3132 in
2811 3086 2987 3133 ana-

812 3308 847 3369 ¹)
884 3305 956 3357 Le
990 3303 1098 3357 Bas
1133 3303 1208 3357 tb.
1247 3304 1329 3357 52.

799 3390 842 3454 ²)
875 3388 1330 3443 Friedr.-Wolters
1364 3390 1398 3442 l.
1438 3406 1480 3442 c.
1520 3389 1669 3443 1054.

801 3474 846 3541 ³)
881 3474 960 3528 cf.
995 3472 1473 3527 ffiedr.-Wolters
1513 3474 1660 3528 1058.
1704 3498 1769 3517 =
1821 3472 1894 3527 Le
1934 3474 2041 3527 Bas
2078 3475 2152 3527 tb.
2190 3475 2273 3528 55.
2311 3470 2631 3527 Friedr.-W.
2663 3473 2809 3527 1054.
2840 3473 2987 3527 1062.

627 3560 781 3614 1066.
820 3558 956 3612 1068
990 3562 1075 3611 etc

799 3646 842 3710 ⁴)
878 3643 1107 3697 Salinas:
1144 3644 1472 3697 Monumenti
1509 3643 1785 3713 sepolcrali
1821 3644 1931 3697 tab.
1968 3643 2011 3704 1,
2046 3644 2103 3696 L.
2139 3645 2188 3703 4,
2226 3643 2288 3695 B.

802 3733 844 3793 ἶ’)
885 3728 963 3784 cf.
999 3728 1268 3783 Welcker:
1304 3728 1429 3782 Alte
1463 3729 1690 3782 Denkm.
1726 3729 1793 3782 11.
1831 3729 1907 3781 tb.
1949 3728 2029 3782 13.
2067 3728 2149 3781 24.

799 3816 842 3881 ὅ)
879 3814 956 3870 cf.
995 3813 1274 3884 Stephani:
1315 3810 1452 3877 „Der
1487 3814 1817 3867 ausruhende
1842 3813 2129 3867 Herakles*
2169 3814 2277 3866 tab.
2315 3813 2366 3879 3,
2394 3813 2439 3866 1.
2476 3813 2547 3865 Le
2570 3812 2678 3866 Bas
2714 3814 2792 3867 tb.
2828 3814 2913 3881 55,
2940 3813 2999 3865 2:-

802 3901 842 3967 ⁷)
881 3900 961 3955 Cf.
998 3898 1550 3953 Friedrichs-Wolters
1585 3898 1618 3951 l.
1658 3916 1702 3951 c.
1738 3915 1820 3951 no.
1858 3898 2076 3952 58-65.
2138 3896 2216 3953 cf.
2256 3896 2396 3951 Mitt.
2436 3897 2531 3950 des
2565 3896 2708 3950 arch.
2745 3896 2881 3951 Inst.
2916 3898 2986 3951 11.

624 3987 711 4041 tb.
747 3986 967 4040 20-21.
1007 4008 1071 4029 ==
1097 3984 1488 4052 Furtwfingler:
1526 3983 1741 4037 Samml.
1780 3981 2069 4043 Sabouroffi
2109 3983 2150 4034 Ι.
2186 3984 2263 4037 tb.
2304 3983 2350 4035 1.
2410 3983 2554 4036 Mitt.
2591 3982 2641 4035 d.
2678 3982 2820 4035 arch.
2856 3982 2988 4035 Inst—

629 4071 758 4125 Ath.
796 4070 863 4122 Π.
899 4070 981 4123 22.
1020 4070 1102 4122 24.
1141 4066 1231 4120 IV.
1268 4068 1316 4131 8,
1358 4069 1401 4121 1.
1429 4068 1478 4121 2.

805 4160 846 4223 ⁸)
882 4155 1078 4208 Mirum
1113 4171 1218 4207 non
1253 4163 1351 4219 est,
1388 4153 1528 4225 quod
1552 4153 1746 4207 mulier
1780 4153 2010 4207 hocloco
2047 4153 2193 4207 heroi
2215 4153 2401 4207 addita
2436 4157 2533 4207 est.
2570 4152 2711 4207 Nam
2746 4155 2802 4205 et
2823 4151 2992 4206 heroi-

629 4258 815 4296 narum
851 4240 1056 4294 cultum
1089 4238 1344 4300 floruisse,
1382 4238 1644 4292 Athenaei
1679 4240 1839 4292 verba
1877 4239 2265 4293 demonstrant:
2320 4232 2538 4292 Ἠλεῖοι
2577 4235 2639 4291 δὲ
2674 4238 2772 4291 καὶ
2810 4227 2988 4307 ἥρωσι

629 4328 730 4381 καὶ
765 4326 989 4397 γυναιξὶ
1027 4321 1374 4379 σπένδουσιν
1408 4318 1632 4392 ἡρώων,
1669 4313 1801 4382 ὅσοι
1842 4341 1905 4377 τε
1944 4318 2005 4376 ἐν
2040 4327 2110 4393 τῇ
2138 4319 2295 4397 χώρᾳ
2334 4327 2404 4392 τῇ
2450 4317 2661 4396 Ἠλείᾳ.
2703 4322 2801 4376 καὶ
2850 4312 2989 4374 ὅσοι

629 4406 787 4482 napo?
829 4408 1110 4473 Αἰτωλοῖς
1147 4403 1318 4476 τιμὰς
1356 4403 1600 4478 ἔχουσιν.
