3317 5117
1560 408 1984 469 ..24-

588 592 969 658 immolata
998 592 1141 657 sint
1173 590 1520 657 animalia
1549 610 1681 677 pro
1712 589 2021 657 homine.
2102 589 2245 656 Sed
2274 588 2580 655 Homeri
2610 592 2959 669 carmina,

592 722 777 789 quae
823 702 1121 788 quidem
1164 700 1455 788 piacula
1499 702 1940 779 contineant,
1999 699 2138 767 hoc
2186 701 2260 767 in
2306 700 2650 768 sacrificii
2693 720 2957 786 genere

589 812 775 879 nihil
806 812 1006 879 aliud
1039 812 1322 895 sentire,
1371 817 1584 897 atque
1615 812 1692 877 in
1724 811 1886 878 aliis
1929 811 2232 877 deorum
2264 811 2661 894 sacrificiiS,
2706 813 2959 896 negari

587 944 732 989 non
777 925 1028 1009 potest.
1058 922 1105 1004 ¹)
1197 921 1560 1007 Stengelio
1615 923 1862 989 statim
1915 922 2340 1005 concedam,
2404 942 2592 1007 quae
2650 922 2825 989 dicit
2869 923 2959 990 de

589 1034 1032 1115 lustratione,
1056 1034 1104 1114 2)
1148 1033 1278 1099 66(1
1311 1033 1654 1100 dissentio
1688 1033 1783 1100 ab
1812 1034 1923 1114 iis,
1970 1052 2157 1118 quae
2184 1032 2459 1119 profert
2486 1032 2609 1100 ille
2642 1032 2731 1100 de
2776 1033 2957 1100 liba-

586 1144 905 1211 tionibus
949 1145 1027 1209 in
1072 1143 1428 1210 sacrificio
1475 1143 1831 1228 piaculari
1874 1162 2251 1229 nunquam
2306 1142 2671 1211 adhibitis,
2763 1143 2957 1211 Nam

586 1255 903 1339 primum
958 1254 1040 1321 cf.
1107 1252 1516 1321 Pausaniae
1571 1254 1823 1337 verba,
1848 1253 1895 1336 ³)
1959 1254 2088 1320 ubi
2138 1254 2505 1321 invenitur
2558 1254 2956 1337 oraculum,

589 1365 784 1450 quod
827 1365 1027 1432 dedit
1063 1364 1328 1450 Pythia
1358 1365 1794 1446 ArcadibuS,
1843 1365 1986 1450 qui,
2032 1368 2113 1429 ut
2155 1363 2345 1431 fame
2390 1366 2462 1430 et
2490 1365 2738 1450 inopia
2780 1365 2959 1432 libe-

587 1479 940 1557 rarentur,
989 1476 1205 1542 deum
1252 1475 1612 1542 adierunt:

879 1594 1204 1687 ’Ἁρκαὸες
1248 1592 1511 1681 ’Λζᾶνες
1552 1597 2033 1687 βαλανηφάγοι,
2082 1597 2154 1665 οἳ
2201 1596 2563 1685 Φιγάλειαν

897 1704 1235 1777 νάσσασθ’
1289 1708 1690 1792 ἱππολεχοῦς
1734 1714 1955 1798 Δῃοῦς
1998 1711 2397 1797 κρυπτήριον
2442 1704 2688 1796 ἄντρον,

891 1814 1074 1910 ἥκετε
1116 1817 1509 1905 πευσόμενοι
1555 1823 1750 1906 λιμοῖ1
1792 1823 1976 1887 λύσιν
2020 1812 2423 1907 άλγινόεντος

893 1936 1122 2016 μοῦνοι
1169 1933 1270 2011 δὶς
1316 1928 1604 2019 νομάδες,
1651 1936 1872 2015 μοῦνοι
1924 1929 2139 1997 πάλιν
2184 1926 2625 2019 άγριοὸαῖται.

894 2040 1050 2131 Δῃώ
1095 2043 1212 2126 μέν
1257 2068 1328 2109 σε
1373 2041 1623 2109 ἔπαυσε
1669 2046 1881 2131 νομῆς,
1931 2040 2087 2131 Δῃώ
2133 2043 2203 2108 δὲ
2248 2040 2503 2131 νομήων

896 2152 1414 2242 «ἕλκησισταχύων
1456 2153 1572 2219 καὶ
1618 2149 2031 2241 ναστοφάγον
2074 2149 2246 2219 πάλι
2294 2159 2479 2241 θῆκε,

893 2270 1337 2351 νοσφισθεῖσα
1383 2263 1538 2350 γέρα
1583 2262 1919 2350 προτέρων
1968 2260 2159 2347 τιμάς
2201 2289 2271 2329 τε
2316 2261 2637 2343 παλαιάς.

894 2373 1013 2441 καί
1057 2366 1115 2441 σ’
1151 2367 1604 2464 ἀλληλοφάγον
1647 2372 1849 2464 θήσει
1894 2371 2060 2457 τάχα
2105 2376 2220 2440 καὶ
2264 2374 2679 2457 τεκνοδαίτην

887 2485 953 2552 εἰ
997 2484 1094 2576 μὴ
1140 2489 1589 2574 πανδήμοις
1632 2489 1948 2571 λοιβαῖς
1988 2483 2214 2568 χόλον
2262 2483 2697 2554 ἱλάσσεσθε

893 2593 1220 2685 σήραγγός
1263 2623 1332 2663 τε
1374 2595 1571 2681 μυχὸν
1616 2595 1841 2676 θείαις
1884 2601 2237 2685 κοσμήσετε
2281 2603 2522 2681 τιμαῖς.
2551 2604 2598 2683 ⁴)

753 2744 890 2811 His
937 2766 974 2811 e
1023 2746 1264 2812 verbis
1313 2745 1629 2815 dilucide
1678 2749 2003 2833 apparet,
2058 2746 2427 2832 Pythiam,
2492 2750 2572 2812 ut
2617 2747 2793 2813 deae
2838 2748 2943 2812 ira

589 2855 963 2937 leniretur,
1011 2855 1193 2922 nihil
1239 2856 1440 2923 aliud
1487 2856 1971 2923 caerimoniae
2010 2857 2435 2942 postulasse,
2482 2858 2623 2923 nisi
2666 2856 2947 2924 libatio-

588 2986 745 3049 1166,
803 2986 846 3031 a
890 2969 1038 3031 toto
1085 2966 1350 3053 populo
1401 2964 1682 3034 oblatas
1728 2986 1960 3053 neque
2009 2967 2097 3034 de
2140 2966 2434 3035 homine
2480 2967 2598 3035 vel
2643 2967 2946 3035 homini-

594 3077 726 3143 bus
780 3076 1103 3143 lustratis
1160 3078 1462 3159 cogitari
1515 3081 1767 3163 potest.
1785 3082 1832 3155 ⁵)
1918 3077 2029 3143 De
2076 3078 2390 3144 victimis
2436 3077 2615 3145 nihil
2675 3078 2945 3145 dictum

769 3280 805 3345 ¹)
844 3280 920 3334 Cf.
957 3280 1028 3333 Jl.
1067 3284 1128 3333 A.
1167 3282 1283 3333 449.
1327 3284 1364 3333 1.
1405 3282 1518 3335 500.

758 3384 801 3447 2)
839 3382 918 3435 Cf.
956 3382 1276 3436 Schemann:
1315 3384 1348 3435 l.
1397 3400 1437 3435 6.
1486 3383 1552 3435 ΙΙ.
1600 3401 1652 3452 p.
1698 3383 1814 3435 3133.
1906 3382 2146 3449 Stengel:
2205 3380 2540 3436 Griechische
2592 3382 2945 3436 Sakralalter-

597 3474 771 3521 iiimer
805 3485 854 3537 p.
894 3469 978 3522 92.

758 3570 802 3635 ³)
843 3568 988 3620 Vlll.
1026 3571 1109 3622 42.
1146 3571 1194 3622 4.

759 3674 800 3737 ⁴)
835 3673 916 3727 De
951 3674 1050 3725 1106
1085 3674 1234 3726 cultu
1270 3673 1580 3742 perantiquo
1617 3672 1886 3742 disputavi
1922 3690 1971 3742 p.
2013 3674 2041 3724 7

757 3777 798 3838 ⁵)
835 3775 1017 3842 Miror,
1054 3776 1192 3844 quod
1230 3774 1444 3843 Stengel
1483 3773 1842 3837 (Griechische
1879 3774 2243 3828 Sakralaltert.
2298 3793 2344 3843 p.
2384 3776 2471 3839 87)
2522 3775 2781 3829 sacrificia
2834 3773 2947 3827 deis

584 3860 765 3913 inferis
810 3861 990 3914 oblata
1035 3864 1091 3913 et
1139 3860 1393 3913 sacrificia
1445 3860 1738 3929 piacularia
1792 3860 2016 3913 discerni
2070 3877 2169 3913 non
2206 3876 2359 3929 posse
2412 3863 2619 3925 censet;
2673 3876 2795 3913 nam
2850 3859 2949 3912 1106

585 3946 740 4000 facile
774 3946 885 3999 fieri
924 3962 1074 4016 posse
1110 3950 1258 4016 pute,
1295 3963 1411 3999 cum
1449 3944 1755 4011 statuimuS‚
1793 3944 1906 3998 deis
1942 3945 2122 3998 inferis
2159 3945 2320 3999 certis
2356 3946 2543 3998 diebus
2592 3944 2947 3998 sacrificatum

585 4048 698 4085 esse
733 4032 913 4085 eodem
959 4032 1125 4099 modo,
1172 4049 1275 4101 quo
1321 4032 1433 4085 deis
1479 4030 1697 4100 superis,
1754 4029 1847 4084 sed
1900 4031 2109 4099 piacula
2160 4032 2470 4101 plerumque
2512 4031 2656 4083 facta
2701 4046 2835 4097 esse,
2884 4034 2947 4082 ut

587 4116 847 4184 singulari
883 4118 1149 4171 occasione
1184 4116 1507 4187 pestilentia,
1545 4117 1735 4182 fameS,
1773 4116 1876 4169 alia
1914 4120 2243 4174 avertanturz
2295 4120 2472 4169 tamen
2507 4116 2809 4183 negandum
2844 4131 2948 4167 11011

587 4206 684 4254 est.
723 4206 892 4255 certos
929 4203 1040 4257 dies
1076 4203 1239 4256 festos
1277 4203 1500 4273 speciem
1537 4202 1731 4255 habere
1768 4202 1977 4270 piaculi.
2050 4201 2153 4255 Sed
2188 4206 2315 4255 utut
2359 4218 2441 4255 res
2478 4218 2533 4254 se
2568 4201 2751 4263 habet,
2800 4200 2953 4254 Steu-

584 4288 781 4354 gelium
816 4304 918 4342 non
955 4292 1096 4342 recte
1131 4288 1444 4342 contendere
1498 4302 1695 4352 cense0,
1733 4303 2018 4354 numquam
2064 4287 2330 4340 exstitisse
2373 4284 2657 4341 libationes
2692 4286 2749 4339 in
2786 4285 2946 4339 sacri-

587 4373 720 4427 ficiis
756 4374 1134 4443 piacularibus.
