3317 5117
1637 400 2061 463 -3-2-

844 582 1310 669 Quamquam
1356 584 1693 651 omnibus
1740 585 1893 652 deis
1938 585 2247 652 libatum
2277 606 2433 653 esse
2466 588 3031 655 existimandum

669 697 796 770 est,
843 697 1089 760 tamen
1132 714 1280 761 non
1325 695 1582 762 eodem
1627 695 1845 762 modo
1894 696 2229 763 omnibus
2276 696 2429 764 deis
2461 697 2843 766 libationes
2875 718 3031 765 esse

671 804 954 871 oblatas
1019 808 1316 872 constat.
1425 805 1526 871 Iis
1588 807 2036 893 temporibus
2060 861 2074 889 ,
2140 808 2229 875 de
2292 809 2557 894 quibus
2621 811 3031 877 accuratius

667 915 996 983 iudicare
1049 935 1466 1002 possumus,
1531 917 1956 1003 plerumque
2013 918 2265 985 vinum
2325 919 2595 986 libatur
2658 920 2839 1003 deiS‚
2902 921 3025 988 sed

671 1029 961 1094 exst-ant
1003 1028 1308 1094 numina
1351 1028 1736 1114 quaedam,
1785 1028 2049 1113 quibus
2094 1029 2347 1096 vinum
2387 1029 2630 1097 offerri
2674 1050 2820 1098 non
2862 1031 3031 1098 lice-

672 1139 813 1203 bat.
906 1136 1065 1217 Quo
1123 1138 1211 1205 de
1269 1156 1533 1222 genere
1585 1138 2021 1205 libationum
2065 1160 2259 1205 nunc
2306 1140 2802 1226 disputaturus
2849 1162 3027 1208 sum.

842 1246 1219 1327 Quaenam
1282 1249 1426 1314 sint
1487 1269 1612 1315 eae
1666 1248 2077 1331 libationes),
2142 1270 2327 1336 quae
2372 1270 2633 1335 graece
2681 1256 3035 1319 vocantur

668 1351 981 1443 νηφάλια,
1027 1357 1347 1440 ΡΟΠΠΧΙ)
1391 1358 1531 1426 hoc
1564 1359 1781 1426 modo
1814 1359 2151 1445 explicat:
2201 1360 2439 1445 νήφειν,
2489 1357 2821 1447 νηφαλίιυς
2850 1357 3030 1441 ἔχειν,

669 1462 1064 1553 νηφαντικὸν
1107 1459 1306 1532 εἶναι·
1369 1463 1445 1531 τὸ
1489 1463 1610 1553 γὰρ
1655 1469 2065 1555 νηφαλιεύειν
2107 1465 2183 1533 τὸ
2229 1465 2519 1557 νηφάλια
2560 1472 2754 1537 θύειν
2802 1473 3031 1556 ἔλεγον,

670 1570 835 1663 ὅπερ
881 1576 1021 1642 ἐστὶ
1066 1573 1142 1642 τὸ
1185 1582 1474 1664 χρῆσθαι
1519 1575 1798 1656 θυσίαις
1843 1569 2109 1659 ἀοίνοις,
2157 1566 2247 1644 ῶν
2296 1577 2407 1657 τὰς
2452 1577 2747 1659 ἐναντίας
2790 1579 3032 1658 θυσίας

667 1682 1002 1768 ὠνόμαζον
1047 1683 1512 1766 οὶνοσπόνδους
1520 1740 1852 1758 ......
1944 1692 2058 1759 Ex
2097 1694 2186 1759 iis
2219 1715 2505 1779 quoque
2537 1696 2797 1777 verbiS,
2846 1716 3032 1781 quae

669 1800 942 1886 profert
984 1801 1486 1883 Plutarchus2)
1544 1802 1861 1870 dilucide
1906 1807 2232 1889 apparet,
2298 1806 2437 1871 sibi
2503 1807 2833 1892 opposita
2876 1826 3032 1873 esse

670 1912 820 1978 dua
863 1912 992 1979 illa
1034 1932 1307 1997 genera
1349 1913 1807 1980 libationum:
1862 1902 2160 2000 Ἕλληνές
2212 1938 2275 1978 τε
2328 1909 2619 2000 νηφάλια
2664 1926 2871 1983 ταῦτα
2916 1914 3029 1979 καὶ

667 2017 1079 2103 μελίσπονδα
1127 2019 1429 2101 θύουσιν,
1495 2012 1582 2099 ῶς
1628 2012 1977 2087 ἀντίθετον
2020 2021 2219 2111 φύσιν
2270 2018 2566 2106 μάλιστα
2614 2037 2728 2090 τοῦ
2771 2025 3034 2108 μέλιτος

668 2127 837 2217 πρὸς
866 2126 980 2197 τὸν
1011 2124 1185 2197 οἶνον
1229 2128 1499 2213 ἔχοντος.
1578 2133 1740 2214 Qua
1772 2135 1860 2202 de
1892 2157 1969 2203 re
2002 2138 2413 2205 accuratius
2457 2138 2776 2225 disputat
2804 2138 3031 2205 Theo-

667 2245 1012 2332 phrastus
1059 2246 1256 2331 apud
1299 2245 1887 2332 Porphyrium:3)
1937 2242 2050 2309 διὰ
2098 2246 2362 2311 πολλῶν
2405 2245 2475 2310 δὲ
2522 2238 2557 2312 ὃ
2610 2242 3035 2335 Θεόφραστος

669 2356 799 2417 τῶν
864 2345 1032 2438 παρ’
1101 2350 1404 2433 ἑκάστοις
1462 2352 1766 2441 πατρίων
1826 2352 2195 2435 ἐπιδείξας,
2261 2349 2362 2422 ὅτι
2426 2354 2501 2423 τὸ
2556 2354 2847 2423 παλαιὸν
2905 2360 3037 2422 τῶν

671 2467 927 2530 θυσιῶν
972 2461 1085 2529 διὰ
1129 2466 1259 2530 τῶν
1301 2468 1576 2550 καρπῶν
1621 2453 1716 2553 ἦν,
1762 2462 1859 2531 ἔτ’
1906 2463 2114 2531 εἰπών
2157 2462 2471 2552 πρότερον
2500 2470 2614 2556 τῆς
2657 2464 2834 2546 πόας
2863 2470 3031 2550 λαμ-

666 2573 1053 2663 βανομένης,
1108 2574 1223 2639 καὶ
1285 2571 1369 2640 τὰ
1423 2578 1553 2639 τῶν
1607 2577 1913 2641 σπονδῶν
1965 2575 2289 2664 ἐξηγεῖται
2333 2579 2560 2643 τοῦτον
2601 2576 2714 2644 τὸν
2755 2573 3029 2664 τρόπον·

667 2683 751 2751 τα
803 2686 922 2769 μὲν
975 2677 1217 2771 ἆρχαῖα
1272 2688 1401 2751 τῶν
1458 2683 1642 2773 ἱερῶν
1686 2687 1973 2775 νηφάλια
2020 2684 2208 2774 παρὰ
2253 2690 2529 2766 πολλοῖς
2572 2678 2676 2778 ἦν·
2742 2683 3031 2777 νηφάλια

672 2788 910 2864 ὅέστὶν
953 2795 1038 2863 τοὶ
1085 2791 1535 2883 ὑδρόσπονδα,
1592 2794 1677 2862 τοὶ
1723 2797 1795 2863 δὲ
1838 2795 2003 2881 μετα
2047 2811 2254 2864 ταῦτα
2299 2798 2743 2883 μελίσπονδα·
2810 2802 3035 2865 τοῦτον

667 2906 789 2993 γὰρ
835 2907 1096 2992 ἕτοιμον
1137 2905 1329 2993 παρὰ
1373 2905 1688 2991 μελίττων
1732 2912 1993 2995 πρῶτον
2024 2906 2338 2995 ἐλάβομεν
2372 2914 2481 2977 τὸν
2525 2913 2712 2998 ὑγρὸν
2740 2906 3029 2997 καρπόν·

667 3010 790 3085 εἴτ’
839 3015 1318 3086 ἔλαιόσπονδα·
1371 3018 1554 3099 τέλος
1584 3012 1646 3085 δ’
1696 3019 1816 3085 ἐπὶ
1846 3023 2059 3086 πᾶσιν
2086 3017 2168 3086 τα
2215 3012 2475 3106 ὕστερον
2504 3018 2811 3109 γεγονότα
2858 3016 3031 3087 οἰνό-

668 3133 948 3196 anomia.
1041 3133 1199 3213 Quo
1243 3134 1403 3201 loco
1450 3136 1771 3221 primum
1816 3135 2110 3220 quidem
2142 3136 2407 3221 optime
2444 3136 2724 3203 firmari
2752 3156 3030 3217 censeO,

666 3245 746 3311 id
809 3245 1005 3331 quod
1068 3265 1291 3330 supra
1350 3247 1562 3331 posui
1625 3246 1714 3313 de
1770 3246 2276 3331 antiquissima
2328 3247 2667 3313 sacrificii
2727 3246 3031 3327 forma⁴)

667 3359 824 3421 tum
869 3377 1012 3441 quo
1067 3356 1319 3423 ordine
1372 3357 1560 3423 varii
1611 3356 1928 3441 liquores
1983 3357 2453 3424 libationibus
2516 3357 2822 3424 adhibiti
2869 3358 3033 3425 sint.

669 3465 1135 3553 Quamquam
1207 3487 1352 3533 non
1414 3466 1581 3533 talis
1644 3466 1827 3533 fides
1899 3466 2238 3535 habenda
2301 3469 2408 3534 est
2471 3470 2737 3549 tenori,
2814 3488 3029 3553 quem

669 3578 921 3644 statuit
948 3577 1091 3658 ille,
1124 3598 1292 3644 cum
1323 3578 1514 3660 dicit,
1546 3578 1865 3663 primum
1897 3597 2184 3663 aquam,
2224 3581 2380 3644 tum
2409 3578 2573 3661 mel,
2606 3582 2762 3644 tum
2793 3578 3031 3646 oleum

667 3665 978 3756 libatum
1040 3707 1224 3770 esse,
1287 3690 1532 3753 tamen
1591 3708 1757 3753 mea
1817 3688 2111 3773 quidem
2173 3690 2528 3755 sententia
2587 3709 2755 3756 cum
2807 3687 3031 3755 Theo-

666 3798 968 3884 phrasto
1021 3800 1100 3865 in
1152 3798 1492 3865 universo
1548 3799 2143 3866 consentiendum
2187 3802 2311 3866 est.
2401 3799 2599 3866 Nam
2650 3800 3036 3867 libationes

672 3910 956 3976 sobrias
1002 3909 1281 3995 priores
1333 3908 1555 3975 fuisse
1598 3908 1810 3975 facile
1866 3909 2320 3993 intelligitur,
2377 3931 2545 3977 cum
2597 3912 2671 3977 in
2718 3912 3033 3978 mentem

849 4116 860 4144 1
1057 4123 1068 4137 .

844 4114 888 4263 ²3
923 4111 1193 4267 {drale-p.
1231 4198 1330 4249 672
1366 4196 1429 4251 B.
1465 4196 1700 4265 (·quaest
1737 4214 1878 4249 conv.
1917 4195 2008 4249 IV.
2050 4199 2096 4251 6.
2134 4199 2207 4262 2.)

843 4283 886 4347 ³)
928 4283 993 4335 de
1029 4283 1355 4336 abstinentia
1390 4281 1459 4335 II.
1497 4282 1580 4335 20.

850 4371 893 4434 ⁴)
934 4368 1011 4423 Cf.
1047 4369 1185 4422 Plat.
1224 4367 1366 4435 legg.
1407 4364 1498 4419 VI.
1537 4385 1588 4437 p.
1629 4367 1744 4419 782.
