3317 5117
1621 414 2045 476 ...16-

1790 697 1884 763 A.

820 871 930 938 Ac
976 872 1296 957 primum
1358 872 1654 959 quidem
1708 874 1950 941 dicam
2005 874 2093 942 de
2148 894 2237 941 ea
2278 874 2653 955 libatione,
2716 891 2902 959 quac
2947 876 3023 940 et

646 1000 816 1067 pars
863 981 1204 1049 sacrificii
1247 986 1318 1049 et
1361 985 1805 1052 caerimonia
1847 985 2193 1071 religiosa
2240 984 2398 1052 sola
2440 984 2797 1066 exstabat,
2854 986 3015 1051 tum

649 1091 739 1158 de
794 1093 881 1159 iis
924 1093 1425 1177 libationibus,
1490 1115 1677 1183 quae
1733 1097 1810 1163 in
1859 1097 2009 1163 vita
2052 1098 2340 1183 privata
2380 1095 2670 1163 fiebant.
2730 1130 2809 1140 —
2866 1093 3017 1163 Sed

649 1204 1075 1290 priusquam
1117 1204 1212 1271 ad
1243 1204 1381 1273 1100
1411 1206 1651 1292 ipsum
1684 1207 2094 1293 aggrediar,
2128 1207 2217 1274 de
2247 1207 2426 1276 10010
2452 1225 2691 1293 pauca
2720 1204 3016 1288 addam,

647 1314 779 1382 ubi
820 1314 1202 1381 libationes
1249 1315 1753 1385 offerebantur.
1840 1316 2035 1384 Nam
2080 1316 2611 1404 dispertiendae
2654 1320 2823 1382 sunt
2866 1335 3015 1400 eae,

651 1444 836 1510 quae
891 1444 1056 1491 cum
1120 1429 1315 1492 certo
1369 1426 1529 1495 1000
1585 1429 2009 1495 coniunctae
2064 1432 2250 1510 sunt,
2311 1432 2497 1509 tum,
2563 1447 2748 1513 quae
2809 1426 3015 1508 fiunt,

647 1534 776 1601 ubi
841 1534 1145 1623 quisque
1209 1540 1557 1604 versatur.
1666 1540 1908 1625 Atque
1982 1538 2150 1605 illae
2222 1538 2690 1605 effunduntur
2752 1540 2877 1603 aut
2936 1538 3017 1604 in

650 1640 854 1712 aram
901 1650 1027 1713 aut
1069 1648 1147 1714 in
1193 1648 1605 1735 sepulcrum
1621 1703 1636 1731 ,
1702 1670 2015 1735 quarum
2068 1669 2263 1717 nunc
2317 1648 2612 1736 quidem
2658 1648 3015 1715 disseren-

653 1756 830 1823 dum
873 1761 983 1825 est
1026 1758 1115 1825 de
1159 1759 1270 1842 iis,
1318 1778 1504 1846 quae
1549 1761 1628 1825 in
1672 1780 1880 1828 aram
1926 1760 2479 1848 profunduntur.

822 1867 932 1935 De
978 1888 1065 1936 ea
1124 1868 1497 1953 libatione,
1562 1891 1749 1957 quae
1812 1892 1980 1939 cum
2034 1871 2390 1939 sacrificio
2445 1872 2833 1937 coniuncta
2887 1873 3019 1951 est,

647 1980 965 2047 maxime
1011 1978 1314 2047 Homeri
1374 1982 1703 2048 carmina
1761 2001 1893 2049 nos
1950 1982 2227 2049 docent.
2316 1980 2821 2063 Bernhardi,¹)
2886 1981 3015 2067 qui

650 2089 741 2157 de
785 2090 926 2157 hac
972 2112 1051 2158 re
1099 2095 1435 2158 accurate
1466 2091 1881 2180 disputavit,
1929 2097 2119 2159 recte
2152 2092 2337 2159 duas
2371 2091 2595 2158 fuisse
2623 2090 3009 2158 libationes

651 2202 845 2283 dicit,
892 2221 1080 2288 quae
1123 2204 1201 2269 in
1232 2202 1588 2269 sacrificio
1618 2202 1779 2269 fieri
1816 2202 2172 2285 solebant3
2214 2204 2455 2289 prima
2483 2201 3011 2281 effundebatur,

648 2319 1037 2399 postquam
1080 2333 1206 2380 eae
1250 2314 1716 2381 victimarum
1759 2316 2019 2399 partes,
2067 2333 2253 2400 quae
2292 2313 2440 2379 deis
2486 2315 2711 2394 erant,
2757 2311 3017 2398 pingui

655 2423 960 2489 amictae
1005 2424 1081 2489 in
1121 2444 1252 2490 ara
1292 2424 1568 2510 positae
1598 2427 1670 2491 et
1697 2424 2035 2491 incensae
2073 2426 2267 2505 sunt3
2314 2423 2545 2490 altera
2573 2422 3009 2489 offerebatur

655 2532 887 2619 epulis
949 2532 1170 2601 finitis
1236 2535 1664 2621 priusquam
1727 2535 2077 2602 convivae
2142 2534 2451 2619 digressi
2502 2528 2686 2600 sunt.
2736 2571 2819 2577 —
2861 2530 3011 2601 Sed

650 2644 802 2710 iam
864 2645 1273 2712 accuratius
1335 2643 1457 2711 ille
1503 2667 1568 2711 v,
1626 2645 1692 2710 d.
1757 2644 1892 2711 has
1957 2645 2141 2712 duas
2201 2644 2584 2711 libationes
2650 2643 3015 2725 discernit,

651 2755 968 2841 priorem
1013 2774 1058 2820 a
1102 2754 1475 2822 sacerdote
1519 2755 1673 2822 solo
1721 2755 1875 2822 deis
1919 2755 2079 2822 fieri
2107 2775 2240 2842 pro
2290 2756 2655 2836 omnibus3
2702 2754 3003 2820 alteram

653 2884 929 2949 01111100,
994 2885 1584 2951 unumquemque
1639 2886 1730 2932 ex
1776 2884 1906 2932 suo
1969 2866 2260 2951 poculo,
2324 2864 2690 2932 effundere
2732 2864 2811 2929 in
2856 2864 3007 2931 vic-

650 2960 1000 3043 timarum
1040 2975 1350 3060 linguas,
1398 2995 1584 3062 quae
1627 2977 1706 3043 in
1751 2995 1921 3043 arae
1952 2975 2069 3043 vel
2097 2976 2241 3043 foci
2280 2976 2525 3061 ignem
2554 2976 2819 3041 missae
2852 2975 3016 3041 sint.

653 3087 865 3155 Prior
908 3086 1040 3154 illa
1068 3086 1319 3154 libatio
1368 3088 1634 3173 optime
1677 3087 2082 3154 illustratur
2126 3084 2495 3153 nonnullis
2524 3084 2843 3152 vasculis
2893 3105 3016 3151 ru-

652 3198 806 3265 bris
850 3197 1106 3283 figuris
1139 3199 1459 3284 depictis.
1533 3198 1623 3265 In
1651 3198 2018 3284 plerisque
2048 3197 2192 3264 illis
2221 3198 2370 3265 fere
2402 3206 2687 3283 semper
2715 3195 3016 3263 eaedem

654 3310 1123 3376 inveniuntur
1165 3309 1468 3395 figurae,
1515 3329 1702 3395 quae
1734 3309 2093 3376 sacrificio
2127 3311 2519 3395 occupatae
2551 3309 2735 3374 sunt.
2812 3304 3018 3376 Sem-

655 3439 784 3504 per
831 3418 1034 3486 adest
1079 3419 1448 3502 sacerdOS,
1504 3440 1694 3486 unus
1739 3419 1856 3485 vel
1903 3418 2046 3485 duo
2101 3420 2440 3501 ministri,
2497 3418 2759 3506 quibus
2806 3436 3019 3503 saepe

658 3529 952 3596 additur
1004 3530 1287 3596 tibicen.
1377 3529 1474 3596 Ut
1527 3532 1801 3617 optima
1851 3530 2217 3616 proferam
2269 3528 2625 3613 exempla,
2688 3526 3021 3594 conferas

656 3658 780 3706 030
861 3640 1251 3726 amphoras
1323 3640 1793 3724 CaeretanaS,
1864 3660 2045 3727 quas
2119 3640 2509 3707 delineavit
2574 3637 2911 3707 Gerhard
2934 3638 3025 3720 ,²)

658 3771 969 3838 quarum
1025 3749 1254 3817 altera
1308 3752 1594 3837 supplet
1646 3751 1971 3818 alteram.
2064 3752 2151 3819 In
2197 3771 2279 3818 00
2324 3750 2653 3832 vasculo,
2700 3747 2898 3835 quod
2944 3750 3023 3816 in

656 3861 993 3929 inferiore
1039 3864 1242 3947 parte
1287 3862 1581 3945 exsistit,
1631 3881 1761 3928 ara
1788 3862 1865 3928 in
1900 3862 2140 3929 medio
2171 3862 2552 3938 invenitur,
2600 3862 2764 3926 ante
2794 3878 3020 3946 quam

659 3972 1001 4040 sacerdos
1049 3974 1191 4037 stat
1234 3972 1612 4054 barbatUS‚
1659 3974 1737 4039 in
1783 3973 2115 4039 dextram
2164 3991 2442 4053 versus,
2497 3971 2719 4057 pallio
2762 3971 2865 4036 ita
2907 3969 3020 4035 in-

833 4204 879 4265 1)
915 4202 1025 4254 Das
1062 4202 1382 4271 Trankopfer
1430 4203 1512 4256 bei
1557 4202 1776 4255 Homer.
1848 4201 2150 4268 Abhandlg.
2200 4220 2261 4254 zu
2309 4202 2356 4253 d.
2408 4200 2709 4267 Programm
2763 4200 2852 4251 des
2896 4198 3027 4266 Kgl.

661 4284 1037 4355 Gymnasiums
1074 4304 1138 4339 zu
1173 4287 1385 4357 Leipzig
1422 4287 1568 4340 1885.
1606 4304 1656 4355 p.
1696 4287 1743 4337 2.
1792 4302 1904 4355 sqq.

833 4372 876 4436 ²)
914 4371 1254 4425 Auserlesene
1295 4368 1640 4425 Vasenbilder
1678 4371 1775 4423 ΙΙΙ.
1830 4372 1942 4423 155.
