3317 5117
1584 418 2007 482 -30-

609 621 898 688 quoque
945 603 1286 689 quadrat,
1335 623 1588 670 vocem
1635 598 1954 685 σπονδαί,
2002 624 2187 691 quae
2232 605 2752 691 posterioribus
2796 608 2976 672 tem-

608 712 907 797 poribus
958 712 1198 794 foedus
1243 714 1361 780 vel
1404 715 1694 779 indutias
1748 714 2145 799 significat,
2210 715 2305 783 ab
2352 716 2631 783 actione
2692 715 2977 783 libandi

610 821 1022 891 ducendam
1085 844 1266 907 esse,
1344 844 1565 911 quam
1627 826 1947 910 primum
2007 824 2250 892 locum
2314 845 2598 911 semper
2658 828 2976 895 tenuisse

609 933 779 1001 inde
825 956 1112 1022 quoque
1159 939 1474 1023 apparet.

779 1045 995 1113 Nunc
1029 1067 1199 1113 vero
1231 1066 1468 1133 pauca
1499 1047 1926 1114 disserenda
1970 1050 2139 1113 sunt
2186 1047 2275 1113 de
2311 1047 2608 1115 vasculo
2656 1048 2977 1133 quodam

607 1156 835 1240 nigris
898 1156 1156 1241 figuris
1205 1158 1518 1244 depicto,
1583 1156 1781 1243 quod
1845 1158 1940 1224 ad
2002 1158 2115 1224 ius
2169 1158 2564 1224 iurandum
2614 1160 2976 1245 pertinere

605 1265 844 1333 Conze
874 1290 939 1332 v.
976 1268 1042 1335 d.
1079 1268 1534 1335 existimavit.
1567 1270 1615 1351 ¹)
1693 1268 1855 1347 Qua
1884 1268 1973 1335 de
2004 1289 2083 1335 re
2114 1268 2449 1355 equidem
2483 1269 2693 1336 aliter
2723 1269 2973 1337 senti0.

607 1378 798 1443 Ante
845 1398 1050 1444 aram
1114 1379 1540 1445 adolescens
1587 1380 1811 1445 armis
1866 1378 2164 1445 indutus
2218 1380 2295 1445 in
2340 1379 2674 1446 dextram
2720 1398 2977 1447 versus

607 1487 796 1554 tollit
839 1490 1236 1573 sinistram,
1285 1490 1683 1577 dextraque
1728 1492 1921 1557 tenet
1956 1493 2313 1576 pateram,
2372 1511 2409 1557 e
2454 1510 2603 1576 qua
2643 1492 2721 1557 in
2766 1510 2976 1557 aram

608 1598 801 1665 libet.
904 1598 1136 1679 Quem
1199 1601 1644 1669 exadversus
1708 1620 1925 1667 senex
1989 1600 2331 1687 palliatus
2392 1602 2785 1684 invenitur,
2850 1602 2980 1687 qui

607 1710 903 1776 sinistra
935 1712 1137 1777 nisus
1170 1715 1452 1798 sceptro
1487 1711 1819 1778 dextram
1861 1712 2080 1779 simili
2110 1712 2327 1779 modo
2359 1712 2564 1795 tollit,
2610 1732 2754 1799 quo
2800 1712 2978 1779 ado-

609 1820 886 1887 lescens
950 1822 1341 1889 sinistram.
1453 1821 1614 1903 Qua
1678 1823 1767 1889 de
1840 1822 2193 1910 amphora
2256 1820 2493 1890 Conze
2556 1822 2695 1890 hoc
2757 1823 2977 1891 modo

610 1931 910 1997 iudicat:
965 1932 1097 1999 Con
1135 1935 1570 2017 yrandissima
1593 1933 1986 2015 probabilia}
2029 1937 2087 1997 si
2129 1937 2385 1999 ravvisa
2414 1936 2486 1999 in
2529 1940 2749 2015 questa
2790 1954 2981 2000 scena

611 2063 701 2105 un
743 2052 881 2109 voto
914 2042 1103 2126 fatto
1149 2046 1259 2110 dal
1298 2049 1562 2129 yiovane
1615 2047 1686 2109 in
1730 2046 1909 2111 modo
1953 2044 2205 2110 solenne
2256 2045 2365 2109 all‘
2412 2045 2621 2110 altare
2658 2046 2980 2128 fiammeq-

603 2155 826 2235 manle
869 2158 1044 2222 edin
1080 2177 1389 2239 presenza
1419 2158 1488 2221 da·
1517 2176 1799 2238 persona
1844 2157 2006 2221 d'et&
2038 2162 2355 2237 provetta.
2426 2154 2789 2241 Equidem
2828 2176 2975 2221 non

611 2276 863 2337 votum
906 2269 1068 2336 fieri
1121 2287 1407 2349 censeo,
1454 2266 1584 2333 sed
1628 2265 2133 2333 tantummodo
2178 2267 2699 2351 precationem,
2754 2284 2979 2353 quam

607 2384 850 2450 facere
914 2380 1243 2447 solebant
1308 2376 1572 2445 Graeci
1626 2377 1942 2444 libando.
2032 2375 2230 2443 Nam
2290 2375 2481 2443 hanc
2546 2375 2979 2464 amphoram

611 2497 688 2562 in
743 2514 825 2560 00
889 2512 1155 2577 genere
1214 2487 1632 2556 habendam
1695 2507 1886 2571 esse,
1952 2508 2094 2573 quo
2150 2486 2571 2555 adolescens
2633 2487 2979 2575 pingitur,

610 2606 913 2671 domum
941 2602 1168 2688 patris
1201 2600 1634 2685 relinquens
1683 2602 1763 2665 ut
1789 2599 1865 2665 in
1897 2598 2252 2684 proelium
2284 2616 2359 2665 se
2392 2598 2733 2681 conferat,
2763 2617 2980 2665 nemo

609 2714 933 2799 negabit3
980 2716 1050 2778 et
1089 2711 1285 2797 quod
1316 2711 1757 2777 caerimonia
1800 2711 1877 2776 in
1909 2728 2039 2775 ara
2080 2708 2275 2775 facta
2320 2706 2528 2775 solito
2561 2708 2985 2776 sollemnior

607 2826 708 2908 fit,
755 2845 902 2890 non
942 2823 1440 2891 demonstrare
1471 2820 1652 2887 mihi
1681 2820 1997 2904 videtur,
2044 2824 2331 2886 votum
2360 2819 2638 2886 factum
2681 2840 2837 2887 esse
2884 2820 2979 2887 ab

611 2936 1087 3003 adolescente.
1181 2931 1548 3013 Quantum
1595 2933 1783 3013 scio,
1829 2952 1976 2997 non
2022 2934 2308 2997 exstant
2352 2935 2852 3013 monumenta,
2900 2931 2979 2996 in

611 3047 875 3133 quibus
936 3046 1117 3112 iuris
1161 3043 1453 3111 iurandi
1518 3043 2024 3124 caerimoniaS,
2089 3041 2529 3123 libationem,
2586 3040 2733 3109 alia
2783 3042 2983 3127 picta

607 3178 765 3225 esse
810 3157 1108 3243 probari
1152 3157 1396 3242 possit.

783 3266 1140 3334 Omnibus
1173 3266 1325 3333 deis
1354 3265 1739 3333 libationes
1773 3263 2051 3331 oblatas
2093 3282 2267 3345 esse,
2313 3283 2444 3348 pro
2479 3264 2673 3329 certo
2703 3261 2981 3330 haben-

610 3380 789 3445 dum
834 3381 942 3445 est
985 3398 1218 3464 neque
1265 3396 1445 3463 opus
1491 3395 1646 3443 esse
1694 3393 1971 3456 0011300,
2016 3373 2233 3439 11111113
2279 3374 2385 3439 101
2429 3374 2763 3459 exempla
2807 3393 2979 3440 con-

603 3490 810 3556 ferre.
905 3488 1096 3555 Nam
1161 3489 1263 3554 eis
1316 3487 1523 3569 10013,
1586 3486 1716 3552 ubi
1781 3486 2144 3551 invenitur
2209 3503 2351 3549 vox
2418 3474 2747 3559 ἄσπονδος
2808 3504 2981 3551 0011-

607 3603 856 3667 iuncta
887 3620 1053 3667 cum
1087 3591 1260 3681 θεός,
1307 3618 1453 3664 11011
1485 3596 1889 3664 indicatum
1920 3614 2074 3661 esse
2106 3614 2362 3661 censeo
2396 3594 2637 3678 deum,
2668 3596 2787 3662 cui
2830 3615 2983 3661 non

609 3713 904 3793 libetur,
970 3711 1098 3777 sed
1162 3729 1476 3796 quocum
1531 3708 1754 3789 foedus
1798 3699 2144 3788 (σπονδαί)
2206 3705 2366 3772 fieri
2417 3724 2565 3771 non
2616 3707 2847 3793 possit
2897 3706 2981 3771 id

607 3826 718 3888 est
761 3823 1246 3904 implacabilem.
1320 3818 1487 3885 Vox
1519 3808 1853 3892 ἄσπονδος
1883 3817 2018 3884 hoc
2050 3817 2260 3884 modo
2292 3816 2659 3883 intellecta
2689 3816 2981 3884 omissis

606 3933 770 3999 aliis
815 3934 1184 4000 invenitur
1229 3930 1424 4016 apud
1469 3929 1918 4015 Aeschylum
1964 3928 2394 4012 Agamemn.
2450 3947 2553 3993 vs.
2612 3930 2772 3995 1235
2821 3947 2977 4013 sqq.

1429 4044 1889 4141 ἀμφίσβαιναν
1934 4044 1979 4140 ’ἢ
2023 4048 2315 4117 Σκύλλαν
2357 4049 2502 4117 τινα

1061 4164 1369 4233 οἰκοῦσαν
1411 4165 1477 4231 ἐν
1522 4164 1835 4251 πέτραισι
1883 4159 2199 4228 ναυτίλων
2241 4158 2494 4249 βλάβην

784 4378 820 4443 ¹)
855 4376 1048 4429 Annali
1087 4375 1205 4428 dell*
1244 4374 1500 4427 Instituto
1543 4372 1689 4425 1868.
1730 4373 1803 4424 tb.
1850 4373 1912 4423 H.
1954 4389 2003 4440 p.
2041 4372 2155 4423 2635».
2196 4388 2308 4439 sqq.
