3317 5117
1272 408 1696 472 -35-

303 587 606 677 κέκληκεν
645 579 828 653 οἰδὲν
857 585 1036 673 ἔργον
1060 587 1254 668 ἐστὶν,
1303 582 1511 671 οἶμαι,
1557 584 1821 667 κύλικος
1852 590 1997 657 οὐδὲ
2044 587 2359 681 οἰνοχόης,
2408 582 2555 657 ἀλλ’
2595 588 2669 658 αἱ

307 707 584 765 ΠΙοῢσοιι
637 694 953 785 καθάπερ
1006 708 1292 787 κρατῆρα
1356 696 1675 788 νηφάλιον
1729 699 1793 765 ἐν
1850 700 2029 787 μέσῳ
2088 701 2505 788 προθέμεναι
2556 698 2669 769 τὸν

303 806 494 896 λόγον
541 862 1002 878 ........
1314 812 1425 881 De
1479 814 1837 881 sacrificio
1894 814 2413 901 Mnemosynae
2474 816 2665 884 facto

303 923 636 990 videatur
681 924 1052 1009 inscriptio
1098 924 1408 990 tabellae
1455 925 1841 991 marmoris
1888 926 2223 1011 pontelici
2266 925 2511 995 Piraei
2555 947 2665 994 re-

299 1037 524 1120 perta,
569 1035 698 1102 ubi
741 1035 1207 1100 inveniuntur
1251 1034 1431 1101 haec
1479 1036 1805 1116 x²erba¹):

957 1153 1165 1244 ‘HMqt
1213 1150 1530 1246 ἆρεστῆρα
1575 1157 1824 1248 κηρίον·

964 1272 1362 1358 ΖΙἸνημοσύν-ιη
1411 1261 1730 1357 ἆρεστῆρα
1776 1270 2026 1359 κηρίον·

919 1376 1202 1467 νηφάλιο
1247 1385 1417 1465 τρεῖς
1458 1379 1695 1466 βωμοί.

476 1508 741 1590 Quales
785 1511 1053 1577 fuerint
1095 1510 1411 1597 liquores
1442 1512 1674 1578 Musis
1721 1513 1925 1579 effusi
1956 1534 2104 1579 non
2149 1515 2479 1597 traditur,
2524 1516 2666 1581 nisi

303 1642 448 1687 uno
494 1622 673 1705 1000,
723 1622 917 1708 apud
960 1621 1421 1689 Theocritum
1467 1623 1689 1707 (idyll.
1738 1623 1791 1690 Ι.
1844 1628 2017 1706 143),
2062 1625 2192 1690 ubi
2233 1624 2349 1691 lac
2393 1624 2665 1692 libatur

299 1732 550 1799 Musis.
644 1732 1000 1799 Contendi
1045 1752 1252 1819 posse
1299 1754 1582 1816 censeO,
1638 1754 1787 1801 non
1843 1755 2125 1821 semper
2169 1736 2463 1802 eosdem
2507 1755 2664 1804 esse

301 1843 666 1911 adhibitos
684 1843 1022 1929 liquoreS,
1053 1848 1135 1909 ut
1163 1845 1312 1910 iam
1341 1846 1415 1911 in
1446 1844 1802 1911 furiarum
1831 1844 2301 1913 libaminibus
2334 1847 2662 1913 animad-

306 1956 678 2035 vertimus3
749 1954 878 2020 sed
948 1974 1080 2039 pro
1143 1958 1336 2021 certo
1398 1953 1820 2022 habendum
1886 1960 2019 2037 est,
2090 1956 2236 2022 mel
2297 1961 2367 2023 et
2417 1957 2533 2024 lac
2594 1961 2665 2023 et

299 2065 604 2132 fortasse
651 2064 892 2130 oleum
943 2065 1018 2129 iu
1062 2085 1198 2130 usu
1243 2064 1482 2131 fuisse.
1575 2068 1871 2146 Aquam
1924 2072 2210 2153 quoque
2259 2068 2663 2133 admixtam

299 2196 456 2243 esse
504 2175 619 2242 his
651 2174 1029 2241 Musarum
1074 2177 1542 2243 libationibus
1588 2176 1967 2243 Plutarchi
2015 2177 2174 2244 loco
2224 2179 2661 2263 probatur,2)

298 2288 428 2354 ubi
472 2288 738 2353 mentio
784 2286 866 2353 fit
917 2287 1168 2372 templi
1211 2286 1590 2353 Musarum
1645 2288 1763 2353 siti
1806 2307 2028 2374 prope
2082 2287 2383 2368 fontem,
2430 2309 2467 2356 e
2516 2309 2659 2375 quo

299 2412 494 2479 aqua
536 2398 969 2464 libationum
1013 2396 1504 2464 hauriebatur.
1539 2435 1617 2441 —
1667 2396 1812 2465 Sed
1857 2401 2141 2465 exstant
2185 2399 2347 2482 loci,
2396 2401 2660 2486 quibus

296 2508 627 2590 traditur,
691 2512 760 2574 et
820 2507 1051 2574 Musis
1115 2511 1184 2574 et
1227 2508 1746 2593 Mnemosynae
1807 2510 2062 2576 vinum
2120 2510 2431 2577 libatum
2484 2531 2657 2577 esse.

299 2618 598 2685 Praeter
643 2620 888 2686 omnia
931 2618 1235 2685 Pindari
1280 2620 1567 2700 verba³³)
1613 2618 1753 2685 hoc
1795 2618 2118 2686 firmant:

803 2739 1168 2820 (θάλλοντος
1213 2734 1459 2828 ἀνδρῶν
1501 2735 1589 2821 ὡς
1633 2736 1747 2809 ὅτε·
1783 2742 2154 2828 συμποσίου

796 2855 1083 2940 δεύτερον
1126 2857 1419 2941 κρατῆρα
1471 2852 1822 2920 Μοισαίων
1863 2855 2105 2939 μελέων

792 2961 1096 3047 κίρναμεν
1140 3016 1154 3029 .
1204 3022 1217 3033 .
1269 3022 1280 3032 .
1334 3022 1346 3034 .

469 3103 674 3170 Idem
705 3105 1024 3169 referunt
1052 3102 1488 3170 Plutarchus
1505 3108 1552 3183 ⁴)
1599 3107 1669 3169 et
1698 3103 2201 3186 AthenanS,⁵)
2249 3107 2374 3191 qui
2404 3106 2657 3172 vinum

299 3214 606 3281 libatum
637 3233 793 3279 esse
831 3217 900 3279 et
929 3212 1160 3278 Musis
1192 3216 1261 3277 et
1289 3212 1806 3299 Mnemosynae
1839 3214 2236 3280 confirmat.
2329 3213 2474 3282 Sed
2506 3234 2657 3280 om-

297 3325 514 3392 nibus
576 3324 689 3390 his
751 3324 930 3390 locis
975 3343 1121 3389 non
1183 3323 1270 3389 de
1315 3325 1758 3410 caerimonia
1816 3324 2159 3407 religiosa
2204 3325 2477 3392 dictum
2531 3330 2657 3407 est,

300 3436 429 3503 sed
476 3435 563 3501 de
612 3436 962 3515 convivio,
1011 3455 1229 3520 quam
1276 3455 1430 3500 rem
1474 3438 1725 3520 postea
1769 3455 1899 3500 suo
1944 3435 2103 3502 loco
2150 3439 2466 3519 tangam.

471 3546 579 3612 De
642 3545 1129 3631 nympharum
1189 3544 1660 3611 libaminibus
1721 3566 1867 3611 non
1936 3546 2249 3613 multum
2308 3548 2659 3614 traditum

299 3661 425 3725 est.
517 3656 815 3723 Praeter
861 3655 1327 3722 Polemonem
1388 3655 1577 3722 hanc
1639 3677 1795 3722 rem
1858 3658 2172 3724 breviter
2236 3659 2659 3744 perstringit

298 3767 789 3849 PausaniaS‚‘⁵)
837 3767 1197 3833 disserens
1239 3767 1326 3833 de
1356 3766 1687 3833 Eliorum
1720 3767 2062 3834 cultibus:
2109 3760 2345 3847 μόναις
2389 3765 2461 3831 δὲ
2506 3770 2656 3842 ταῖς

479 3940 514 3999 ¹)
552 3936 702 4005 Corp.
738 3936 896 3988 inser.
936 3936 1069 3988 attic
1120 3936 1214 3987 113
1251 3954 1333 3988 no.
1376 3936 1524 3989 1651.

473 4024 514 4087 2)
552 4021 733 4075 moral.
769 4021 873 4074 402
911 4021 966 4074 C.
1004 4045 1068 4061 =
1107 4019 1172 4074 de
1208 4022 1428 4088 Pythiae
1464 4022 1653 4073 oracul.
1698 4023 1775 4074 17.

469 4106 512 4172 ³)
550 4106 739 4158 Isthm.
776 4104 842 4156 V.
880 4105 1015 4169 (Vl).
1054 4121 1127 4157 vs.
1170 4105 1249 4157 12.

471 4196 511 4258 Δ4)
547 4194 729 4246 moral.
769 4210 819 4261 p.
860 4192 960 4245 164
994 4193 1042 4245 D
1080 4216 1146 4234 =
1185 4195 1328 4261 Sept.
1368 4209 1478 4262 sap.
1518 4209 1658 4245 conv.
1699 4193 1781 4245 21.
1818 4198 1949 4245 extr.

471 4280 513 4336 ⁶)
547 4278 640 4330 Xl.
675 4295 725 4347 p.
763 4277 864 4330 503
900 4276 957 4329 F.

470 4366 512 4428 ὓ)
550 4362 615 4413 V.
656 4363 734 4416 15.
774 4363 821 4415 6.

2274 4447 2339 4502 3*
