3317 5117
1319 376 1744 437 ...⁶29-

352 581 491 647 que
537 581 615 627 re
659 560 940 627 firmari
969 562 1161 645 put0‚
1209 558 1406 645 quod
1451 558 1631 624 haec
1661 560 2061 625 exsecratio
2101 558 2403 626 Homeri
2432 561 2505 625 in
2554 581 2713 627 ver-

351 672 553 739 sibus
594 692 741 737 non
773 671 864 738 ab
895 671 1450 753 Agamemnone
1481 669 1924 736 sollemniter
1954 669 2314 755 profertur
2354 671 2481 736 sed
2512 672 2715 755 vulgi

351 784 428 848 in
476 784 739 849 animis
789 782 1120 863 volvitur,
1166 781 1244 848 id
1289 780 1485 866 quod
1527 779 1729 847 hisce
1774 781 2016 848 verbis
2062 782 2513 866 exprImitur:

744 894 870 973 ὦδε
915 906 986 972 δέ
1030 932 1133 984 τις
1176 901 1439 972 εἴπεσκε
1477 897 1764 987 Ἀχαιῶν
1806 930 1875 970 τε
1930 902 2167 987 Τρώων
2210 930 2294 971 τε.

521 1039 771 1105 Altero
827 1038 952 1104 illo
996 1038 1156 1104 loco
1205 1036 1570 1122 Odysseae
1636 1036 1712 1116 (I.
1764 1040 1905 1102 250.
1963 1038 2142 1122 sqq.)
2198 1058 2342 1103 non
2400 1058 2711 1105 comme-

348 1154 679 1215 moratur
708 1150 862 1215 vini
892 1148 1163 1230 libatio,
1197 1167 1419 1233 quam
1448 1151 1715 1214 temere
1747 1148 2091 1213 omissam
2122 1167 2277 1215 esse
2308 1149 2457 1214 iam
2486 1148 2710 1216 Bern-

350 1260 565 1327 hardi
610 1279 894 1326 summo
940 1259 1095 1325 iure
1141 1258 1451 1342 negavit.
1480 1259 1524 1341 ¹)
1601 1256 1795 1323 Nam
1840 1261 2052 1343 poeta
2081 1257 2218 1325 hoc
2263 1258 2422 1326 loco
2469 1260 2715 1326 omnia

346 1371 576 1438 multo
623 1371 914 1437 brevius
963 1372 1234 1451 narrat,
1282 1388 1502 1455 quam
1546 1369 1691 1435 illo.
1770 1367 1927 1447 Quo
1973 1368 2246 1435 factum
2278 1373 2401 1453 est,
2447 1376 2528 1436 ut
2564 1391 2711 1437 non

346 1482 666 1569 proferat
695 1482 836 1548 nisi
865 1479 1288 1547 libationem
1318 1481 1750 1565 graviorem,
1784 1500 1967 1566 quae
2007 1482 2186 1547 iuris
2217 1481 2510 1548 iurandi
2551 1482 2711 1564 diis,

345 1592 574 1675 furiiS,
623 1592 866 1659 oblata
905 1595 1027 1658 est.
1117 1591 1315 1658 Inter
1361 1590 1542 1657 alios
1572 1590 1877 1657 Homeri
1919 1591 2146 1673 10003,
2194 1593 2319 1677 0111
2362 1591 2505 1659 huc
2550 1612 2710 1678 per-

347 1705 596 1786 tinent,
658 1722 849 1769 unus
913 1705 1173 1783 exstat,
1251 1722 1394 1787 quo
1461 1701 1777 1768 dilucide
1829 1701 2207 1787 probatur,
2271 1701 2453 1768 nihil
2510 1703 2710 1769 aliud

351 1815 600 1881 ovium
633 1813 1042 1881 adhibitum
1073 1832 1248 1895 esse,
1295 1831 1382 1878 ac
1429 1813 1877 1896 sanguinem.
1956 1811 2039 1878 Il.
2086 1816 2162 1876 A.
2212 1832 2311 1877 VS.
2368 1816 2504 1879 158.
2554 1833 2707 1899 sqq.

656 1928 731 2004 οὗ
773 1937 892 2022 μέν
934 1964 1082 2015 πως
1127 1930 1315 2003 ἅλιον
1353 1936 1533 2003 πέλει
1587 1929 1804 2019 ὅρκιον
1850 1928 2020 2019 αἷμά
2064 1962 2133 2002 τε
2178 1927 2387 2021 ἆρνιῦν

656 2048 943 2115 σπονδαὶ
988 2038 1050 2112 τ’
1088 2040 1358 2135 ἄκρητοι
1402 2046 1519 2112 καὶ
1564 2045 1792 2126 δεξιαί,
1837 2034 1913 2134 ᾗς
1956 2044 2357 2129 ἐπέπιθμεν.

520 2197 793 2265 Ceteris
837 2197 1016 2263 locis
1047 2195 1350 2263 Homeri
1381 2197 1809 2278 carminum,
1856 2197 1980 2281 qui
2027 2195 2122 2261 ad
2166 2197 2279 2262 ius
2311 2195 2704 2262 iurandum

349 2311 704 2395 spectant,
769 2308 1084 2375 breviter
1125 2306 1493 2374 libationis
1537 2305 1620 2372 fit
1664 2306 1931 2372 mentio
1946 2305 2001 2389 2)
2066 2308 2279 2392 atque
2323 2309 2536 2393 poeta
2596 2307 2711 2373 bis

348 2420 576 2486 utitur
638 2438 816 2485 voce
862 2407 1337 2499 ἀποσπένδειν,
1403 2416 1626 2483 semel
1680 2413 2000 2481 σπένδειν.
2093 2415 2378 2485 Similes
2432 2418 2707 2484 inveni-

344 2532 564 2596 untur
590 2526 1100 2615 Aristophanis
1134 2527 1277 2594 loci
1298 2528 1370 2608 3).
1440 2525 1542 2593 Cf.
1578 2547 1865 2613 quoque
1894 2527 2303 2594 Diodorum
2332 2527 2461 2593 III.
2514 2533 2613 2594 71.
2648 2530 2706 2593 3.

340 2640 503 2707 Iam
567 2659 737 2706 vero
799 2638 1174 2725 Euripidis
1235 2636 1468 2723 Iphig.
1541 2637 1779 2704 Aulid.
1844 2657 1947 2704 vs.
2016 2642 2114 2703 60.
2183 2658 2333 2724 sqq.
2412 2638 2707 2705 demon-

345 2753 636 2832 stratur,
683 2750 1038 2832 171015111133,
1086 2768 1395 2835 quarum
1443 2750 1797 2832 sanguine
1841 2769 1972 2835 pro
2018 2748 2362 2815 libatione
2407 2751 2708 2815 utuntur

342 2862 566 2948 proci,
615 2859 1031 2927 combustas
1077 2878 1261 2925 esse:

1165 2999 1280 3064 καὶ
1327 3026 1425 3064 νιν
1467 2996 1776 3087 εἰσῆλθεν
1820 2995 1977 3065 widi:

751 3102 980 3196 ὅρκους
1024 3106 1340 3194 συνάψαι,
1387 3105 1604 3189 δεξιάς
1646 3134 1715 3175 τε
1759 3110 2117 3195 συμβαλεῖν

752 3223 1122 3309 μνηστῆρας
1167 3212 1546 3308 ἀλλήλοισιν
1588 3220 1707 3286 καὶ
1750 3210 1843 3286 δι’
1892 3219 2197 3306 ἐμπύρων

756 3328 1049 3409 σπονδὰς
1092 3336 1407 3397 καθεῖναι
1453 3322 2001 3417 κάπαράσασθαι
2045 3326 2220 3417 τάδε,

757 3435 906 3508 ὅτου
951 3445 1100 3530 γυνὴ
1145 3442 1392 3529 γένοιτο
1447 3441 1762 3527 Τυνδαρὶς
1803 3439 1980 3530 κόρη,

754 3556 959 3641 τούτῳ
1004 3556 1388 3637 συναμύνειν
1436 3605 1903 3622 ........

523 3684 770 3752 Facile
815 3689 924 3751 est
970 3686 1285 3770 cognitU‚
1329 3684 1444 3752 his
1489 3686 1568 3775 in·
1598 3686 1929 3751 versibus
1974 3704 2261 3771 pressas
2293 3704 2447 3751 esse
2496 3704 2711 3751 voces

343 3789 639 3871 σπονδὰς
681 3796 999 3859 καθεῖναι
1045 3800 1258 3883 atque
1311 3816 1466 3862 rem
1510 3796 1867 3862 minorem
1907 3795 2221 3862 indicari
2266 3794 2705 3861 sacrificium

343 3906 462 3974 vel
514 3908 753 3993 potius
808 3907 1324 3974 caerimoniam
1379 3907 1548 3990 igne
1600 3909 1933 3991 paratam
1986 3894 2068 3967 δι’
2128 3900 2446 3986 ἐμπύρων.
2538 3904 2703 3970 Huc

523 4130 561 4193 ¹)
596 4128 631 4181 1.
670 4144 800 4217 ⁰·.P·
841 4128 920 4180 11.

525 4230 566 4295 2)
604 4228 702 4283 Od.
739 4248 790 4299 y.
827 4229 943 4283 394.
1001 4232 1033 4293 ξ
1067 4228 1183 4283 331.

518 4332 558 4401 ³)
598 4331 676 4387 Cf.
713 4330 872 4401 Vesp.
915 4332 1063 4385 1046.
1102 4332 1150 4384 7.
1203 4330 1435 4385 Acharn.
1475 4331 1591 4384 148.
