3317 5117
1584 306 2006 370 ...62-

1029 494 1193 569 Παῖ,
1237 485 1354 577 τὴν
1394 484 1678 577 μεγάλην
1723 485 1852 570 δός,
1898 487 2185 572 ὑποχέας

1025 597 1256 688 φιλίας
1297 596 1592 679 κυάθους
1631 600 1752 684 μὲν
1794 614 1923 666 τῶν
1964 596 2312 688 παρόντων
2354 600 2691 687 τέτταρας,

1026 708 1176 787 τούς
1219 714 1392 798 τρεῖς
1432 701 1739 796 δ’ἔρωτος
1781 707 2338 799 προσαποδώσεις
2380 704 2667 798 ὕστερον·

1025 818 1095 887 ’ἓν
1132 812 1506 906 Ἀντιγόνου
1549 825 1667 889 τοῦ
1709 822 2035 907 βασιλέως
2080 820 2261 910 νίκης
2303 824 2539 904 καλῶς,

1026 932 1144 999 καὶ
1187 934 1303 999 τοῦ
1346 929 1683 999 νεανίσκου
1724 929 1983 1000 κύαθον
2028 930 2425 1021 Δημητρίου.

1029 1043 1186 1132 φέρε
1227 1040 1340 1111 τὸν
1382 1042 1602 1128 τρίτον
1647 1096 2114 1112 ........

1035 1153 1249 1234 Φίλας
1287 1146 1713 1244 Ἀφροδίτης·
1765 1147 2013 1241 χαίρετ’
2064 1148 2289 1240 ἄνδρες
2332 1151 2671 1239 συμπόται

1027 1258 1199 1332 ὅσων
1244 1256 1519 1351 ἆγαθιῦν
1560 1263 1676 1354 τὴν
1722 1263 1957 1333 κύλικα
2001 1264 2242 1355 μεστὴν
2284 1264 2554 1351 πίομαι.

787 1404 978 1473 Aliis
1023 1406 1340 1473 convivii
1382 1406 1711 1473 moribus
1742 1406 2048 1489 omissiS‚
2095 1409 2175 1473 ut
2216 1399 2429 1489 κύκλῳ
2472 1400 2700 1483 πίνειν,
2722 1405 2775 1488 ¹)
2822 1404 2980 1473 Cri-

619 1516 763 1582 tiae
777 1514 829 1599 2)
874 1534 1128 1583 versus
1175 1515 1504 1598 afferam,
1553 1518 1675 1597 qui
1717 1537 1864 1583 non
1906 1516 2180 1584 nullius
2225 1518 2574 1584 momenti
2616 1516 2978 1599 videntur,

615 1627 964 1713 primum,
1021 1627 1213 1708 quod
1256 1647 1348 1696 ex
1390 1627 1536 1695 illis
1582 1627 1843 1710 elucet,
1897 1629 2337 1715 propinandi
2378 1626 2981 1696 consuetudinem

616 1757 765 1804 non
806 1736 1138 1805 floruisse
1184 1738 1381 1824 apud
1423 1737 2065 1821 Lacedaemoni08‚
2110 1741 2286 1822 tum,
2335 1739 2525 1820 quod
2572 1757 2710 1819 quo
2754 1737 2976 1805 modo

615 1847 749 1915 fiat
787 1847 911 1915 hic
954 1868 1141 1921 usus
1177 1850 1444 1935 optime
1487 1848 1921 1915 illustratur:

832 1989 948 2056 καὶ
992 1980 1132 2057 τόδ’
1183 1987 1343 2069 ἔθος
1384 1985 1663 2078 Σπάρτῃ
1708 1987 2033 2078 μελίτημά
2077 2015 2146 2057 τε
2188 1986 2480 2074 κείμενόν
2523 1986 2684 2072 ἐστι,

923 2098 1142 2166 πίνειν
1183 2096 1301 2189 τὴν
1343 2098 1544 2185 αὐτὴν
1590 2096 1937 2189 οἰνοφόρον
1978 2097 2217 2167 κύλικα

830 2202 986 2299 μηδ’
1037 2202 1548 2297 ἀποδωρεῖσθαι
1592 2208 1967 2296 προπόσεις
2010 2202 2328 2298 ὅνομαστὶ
2371 2212 2639 2299 λέγοντα

927 2313 1085 2410 μηδ’
1133 2320 1255 2387 ἐπὶ
1299 2322 1626 2409 δεξιτέραν
1667 2328 1851 2411 χεῖρα
1896 2325 2170 2390 κυκλοῢν
2221 2321 2495 2391 Θασίου.

838 2424 1036 2518 ἄγγεα
1084 2483 1533 2505 ........
1585 2485 1600 2498 .

928 2542 1044 2609 καὶ
1087 2540 1454 2631 προπόσεις
1498 2536 1744 2631 ὀρέγειν
1786 2544 2109 2628 ἐπιδέξια,
2155 2545 2271 2612 καὶ
2306 2546 2810 2632 προκαλεῖσθαι

1116 2651 1647 2753 ἐξονομακλήδην,
1695 2643 1747 2742 ᾦ
1793 2661 2109 2740 προπιεῖν
2153 2653 2391 2722 ἐθέλει.

792 2801 928 2869 His
990 2803 1208 2871 rebus
1270 2805 1613 2890 expositis
1676 2807 1925 2887 restat,
1989 2808 2068 2871 ut
2129 2804 2369 2871 dicam
2431 2804 2522 2871 de
2576 2804 2665 2870 iis
2726 2823 2985 2870 monu-

624 2914 912 2997 mentis,
979 2913 1069 2981 de
1132 2914 1390 2995 quibus
1453 2934 1890 2996 quamquam
1936 2935 2067 2982 cur
2112 2915 2227 2982 dei
2278 2915 2702 2982 libationem
2754 2914 2984 2981 effun-

625 3024 804 3092 dant
845 3044 990 3091 non
1037 3044 1321 3111 semper
1366 3029 1703 3093 accurate
1746 3024 2303 3110 intelligendum
2344 3027 2468 3107 est,
2514 3028 2754 3092 tamen
2802 3044 2985 3092 non-

624 3134 829 3201 nulla
871 3156 1020 3203 non
1062 3137 1274 3222 parvi
1316 3137 1667 3203 momenti
1697 3136 2082 3203 statuenda
2111 3140 2294 3203 sunt.
2368 3136 2665 3203 Initium
2696 3136 2985 3222 capiam

624 3246 718 3314 ab
784 3247 874 3313 iis
936 3246 1292 3328 vasculis,
1357 3267 1536 3326 quae
1558 3301 1573 3330 ‚
1644 3245 1986 3333 pleraque
2049 3248 2292 3315 rubris
2353 3246 2610 3332 figuris
2678 3244 2983 3333 depicta,

625 3355 999 3424 Bacchum
1028 3361 1571 3443 repraesentant
1601 3358 1893 3437 eiusque
1925 3359 2244 3425 comites,
2280 3393 2356 3403 -
2394 3357 2555 3424 Iam
2574 3355 2923 3443 Stephani
2936 3357 2986 3435 ³)

625 3468 784 3533 iure
820 3468 1098 3553 pressit,
1144 3466 1392 3534 multis
1434 3467 1614 3535 locis
1663 3468 1983 3535 dubitari
2010 3487 2241 3554 posse,
2289 3472 2535 3534 utrum
2578 3467 2830 3534 libatio
2876 3468 2987 3533 in-

627 3578 961 3644 veniatur
1013 3597 1267 3658 necne3
1340 3598 1514 3644 nam
1557 3577 1699 3645 hoc
1742 3578 1953 3645 facile
1996 3578 2157 3645 fieri
2212 3598 2496 3660 cense0,
2561 3578 2753 3658 quod
2816 3596 2988 3645 can-

627 3686 910 3771 tharuS,
968 3708 1105 3770 quo
1153 3688 1306 3755 solo
1352 3689 1612 3775 poculo
1660 3688 1809 3756 fere
1866 3708 2151 3775 semper
2192 3690 2418 3756 utitur
2461 3687 2826 3771 Bacchus,
2878 3687 2992 3756 illi

631 3797 765 3865 deo
809 3800 912 3865 ita
956 3799 1049 3865 sit
1093 3800 1507 3883 attributuS,
1564 3803 1644 3865 ut
1691 3798 2075 3887 delphinus
2119 3798 2557 3886 Neptun0,4)
2613 3798 2759 3865 alia
2804 3798 2987 3865 aliis

809 4025 844 4088 ¹)
882 4022 959 4078 cf.
997 4023 1191 4077 Athen.
1229 4042 1278 4093 p.
1317 4024 1420 4077 503
1455 4024 1510 4077 F.
1559 4025 1661 4077 504
1698 4025 1757 4077 A.

806 4110 848 4174 ²)
885 4126 966 4179 ap.
1005 4108 1195 4162 Athen.
1235 4109 1299 4162 X.
1337 4109 1440 4163 432
1475 4110 1539 4162 D.

803 4194 841 4255 3)
876 4194 911 4247 l.
950 4211 992 4247 c.
1032 4212 1080 4264 p.
1119 4194 1235 4247 224.

804 4280 847 4342 ⁴)
885 4279 961 4335 cf.
999 4279 1141 4333 Elite
1176 4278 1362 4333 ceram.
1403 4278 1498 4330 111.
1539 4280 1586 4332 7.
1626 4279 1675 4332 8.
1717 4279 1795 4331 19.
1834 4279 1915 4331 25.
