3317 5117
1522 529 1946 591 ...60-

859 707 942 779 Oi
990 710 1060 777 δὲ
1105 709 1260 777 θεοὶ
1302 700 1472 798 παρ’
1521 709 1688 797 Ζηνὶ
1730 704 2103 797 καθήμενοι
2148 698 2507 798 ἠγορόωντο

856 822 1106 909 χρυσέῳ
1151 820 1220 887 ἐν
1262 820 1554 908 δαπέδῳ,
1599 817 1764 905 μετὰ
1812 820 1885 887 δέ
1931 842 2127 908 σφισι
2170 813 2420 887 πότνια
2454 810 2649 905 “Ἠβη

856 932 1087 1019 νέκταρ
1132 927 1453 1019 ἐῳνοχόει·
1499 931 1605 997 τοὶ
1649 930 1723 997 δὲ
1761 930 2059 1018 χρυσέοις
2102 924 2464 999 δεπάεσσιν

861 1034 1177 1129 δειδέχατ’
1229 1034 1546 1132 ἀλλήλους
1599 1034 1841 1129 Τρώιον
1883 1038 2087 1109 πόλιν
2130 1036 2561 1125 εἰσορόωντες.

719 1172 877 1242 Hos
939 1176 1164 1261 igitur
1223 1174 1527 1241 Homeri
1600 1192 1854 1241 versus
1928 1174 2339 1241 accuratius
2404 1170 2763 1253 quadrare
2826 1168 2925 1236 ad

552 1283 802 1353 Sosiae
833 1285 1216 1355 vasculum
1245 1285 1766 1353 illustrandum
1806 1284 2163 1353 contendo
2196 1286 2418 1365 ratuS,
2448 1282 2655 1349 illam
2686 1280 2923 1363 deam,

554 1416 736 1476 quae
779 1398 1146 1464 ministrat
1172 1398 1222 1464 J
1224 1397 1361 1478 ovi,
1406 1415 1554 1464 non
1586 1394 2010 1478 Victoriam,
2056 1398 2138 1462 ut
2179 1393 2455 1461 Robert
2498 1392 2745 1475 voluit,
2792 1390 2924 1458 sed

546 1506 932 1574 Iuventam
977 1507 1386 1575 vocandam
1433 1526 1617 1589 esse,
1663 1506 1743 1573 id
1788 1506 1980 1587 quod
2023 1505 2289 1588 littera,
2338 1522 2518 1585 quae
2564 1502 2743 1570 deae
2789 1501 2922 1568 ad-

547 1618 820 1704 scripta
849 1621 1138 1687 servata
1167 1620 1293 1700 est,
1325 1618 1620 1704 probari
1648 1620 1899 1704 potest.
1922 1618 1966 1697 ¹)
2042 1616 2379 1684 Eundem
2412 1617 2653 1681 autem
2683 1632 2918 1694 usum,

548 1748 760 1808 quem
819 1727 1094 1797 Robert
1154 1747 1439 1795 summo
1512 1728 1670 1796 iure
1732 1726 1872 1794 hoc
1931 1728 2011 1794 in
2073 1724 2369 1795 vasculo
2434 1724 2767 1810 agnovit,
2840 1726 2920 1792 in

546 1837 926 1906 hominum
957 1839 1311 1906 conviviis
1341 1838 1695 1922 floruisse,
1742 1843 1908 1908 ante
1940 1838 2187 1905 omnia
2214 1837 2627 1921 fragmenta
2656 1835 2920 1904 docent

549 1951 1014 2017 comicorum.
1105 1948 1301 2016 Nam
1352 1948 1545 2017 hanc
1599 1949 2231 2032 consuetudinem,
2287 1966 2469 2028 quae
2524 1946 2721 2033 apud
2763 1945 2919 2013 Ho-

545 2080 831 2128 merum
861 2060 1105 2128 Verbis
1137 2052 1481 2136 δεικνύναι,
1515 2056 1973 2123 δειδίσκεσθαι
2014 2058 2424 2145 significata
2454 2057 2649 2141 est,‘²)
2695 2055 2922 2124 Athe-

548 2171 839 2254 11661133)
902 2170 1042 2239 hoc
1103 2170 1324 2238 modo
1389 2171 1732 2258 explicat:
1808 2157 1885 2257 ἦν
1939 2167 2011 2234 δέ
2054 2194 2156 2247 τις
2210 2160 2438 2245 αὐτοῖς
2480 2165 2598 2231 καὶ
2642 2163 2761 2232 διὰ
2804 2168 2924 2253 τῆς

547 2274 944 2364 προπόσεως
989 2270 1374 2363 ἀσπασμός·
1431 2276 1495 2345 οὶ
1549 2288 1700 2361 γοῦν
1760 2279 1914 2346 θεοὶ
1964 2279 2259 2367 χρυσέοις
2310 2273 2671 2345 δεπάεσσιν
2714 2276 2923 2343 δειδέ-

543 2379 689 2470 χατ’
759 2382 1100 2477 ἀλλήλους,
1164 2382 1312 2478 ’ἤτοι
1365 2388 1750 2473 ἐδεξιοῦντο,
1813 2389 2250 2476 προπίνοντες
2304 2386 2565 2467 ἑαυτοῖς
2616 2393 2767 2464 ταῖς
2809 2390 2920 2455 δε-

548 2500 740 2579 ξιαῖς.
817 2500 1057 2571 Voces
1103 2504 1304 2592 ipsae
1347 2499 1808 2568 δειδίσκεσθαι
1852 2510 1923 2574 et
1967 2498 2292 2569 δεικνύναι
2326 2506 2684 2574 actionem
2730 2502 2923 2570 dilu-

547 2613 710 2681 cide
740 2613 1127 2697 illustrant,
1182 2634 1354 2681 cum
1384 2619 1752 2703 appareat,
1784 2636 1951 2683 eum
1980 2616 2108 2701 illi,
2155 2618 2273 2685 cui
2310 2617 2669 2705 propinat,
2712 2633 2923 2682 mon-

548 2726 779 2791 strare
806 2727 1137 2810 pateram
1166 2729 1578 2811 porrectam
1607 2726 1901 2793 nomine
1931 2727 2312 2814 appellato,
2376 2725 2615 2807 Quam
2645 2729 2922 2792 utram-

549 2853 684 2914 que
713 2854 871 2901 rem
901 2833 1218 2900 illustrat
1245 2832 1386 2902 hoc
1411 2835 1811 2914 vasculum,
1846 2837 1964 2903 cui
1996 2837 2263 2906 similia
2292 2836 2635 2905 addenda
2664 2838 2852 2903 sunt.
2868 2836 2921 2915 ⁴)

547 2981 633 2991 -
661 2944 773 3012 De
818 2964 957 3011 usu
987 2945 1426 3033 propinandi
1454 2946 1773 3014 breviter
1803 2945 2156 3015 disserere
2186 2947 2368 3015 mihi
2411 2948 2645 3016 liceat.
2718 2946 2801 3014 E.
2848 2965 2918 3030 g.

552 3054 883 3123 Alexidis
949 3075 1202 3123 versus
1265 3058 1848 3143 propinationem
1909 3058 1986 3124 in
2041 3060 2375 3126 convivio
2419 3060 2747 3143 viguisse
2792 3057 2917 3125 de-

551 3169 959 3234 monstrare
1005 3167 1346 3234 videntur
1358 3167 1436 3248 ⁵):

971 3266 1242 3359 Τοῖἷψον
1284 3277 1610 3359 λαβοῦσαι
1653 3278 1853 3341 τοῦτο
1897 3266 2431 3361 τάπεσταλμένον

965 3377 1292 3465 σκευάζετ’
1344 3377 1714 3467 εὐωχεῖσθε,
1761 3384 2134 3471 προπόσεις
2176 3386 2414 3471 πίνετε,

962 3494 1268 3582 λέπεσθε,
1314 3492 1728 3579 ματτυάζετε.

726 3614 830 3684 Cf.
897 3615 1336 3702 Antiphanis
1399 3618 1890 3704 fragmentum
1948 3620 2206 3701 (Kock.
2264 3619 2355 3687 II.
2401 3640 2467 3708 p.
2516 3623 2618 3687 45.
2667 3641 2734 3686 11.
2785 3622 2916 3700 82).

551 3726 806 3812 Magni
867 3728 1217 3794 momenti
1277 3746 1434 3795 esse
1495 3729 1786 3796 videtur
1806 3784 1821 3813 ,
1888 3751 2067 3811 quae
2129 3732 2360 3800 verba
2423 3730 2630 3798 affert
2690 3728 2919 3797 Athe—

553 3838 841 3917 11661136)
889 3836 1370 3905 Anacreontis
1416 3840 1747 3907 versibus
1791 3839 2109 3908 laudatis
2124 3843 2201 3924 ⁷):

733 3972 771 4036 ¹)
808 3971 884 4027 Cf.
922 3972 1313 4041 Furtwangler:
1350 3975 1747 4043 Beschreibung
1782 3977 1875 4030 der
1911 3974 2291 4031 Vasensamml.
2330 3994 2380 4047 p.
2420 3978 2534 4031 552.

725 4059 770 4123 2)
804 4056 866 4111 11.
907 4058 995 4112 IX.
1035 4076 1106 4112 vs.
1148 4061 1263 4113 671.
1339 4058 1436 4113 Od.
1475 4058 1674 4115 XVIII.
1714 4078 1786 4113 vs.
1829 4062 1940 4115 121.

727 4142 772 4208 ³)
808 4141 850 4195 Ι.
888 4161 939 4213 p.
980 4145 1044 4199 13
1079 4144 1134 4197 F.

726 4228 768 4294 ⁴)
806 4227 882 4282 cf.
922 4228 1302 4297 Furtwfingler.
1340 4230 1376 4282 1.
1415 4246 1457 4281 c.
1498 4246 1577 4283 no.
1617 4231 1767 4284 2166.
1806 4232 1956 4286 2317.

729 4314 769 4378 ⁵)
804 4312 964 4366 Koch.
1002 4313 1070 4366 II.
1109 4333 1162 4384 p.
1198 4315 1314 4369 315.
1354 4332 1402 4367 n.
1443 4314 1523 4368 49.

729 4399 774 4464 ⁶)
806 4398 896 4453 XI.
935 4417 985 4469 p.
1023 4400 1126 4454 498
1163 4400 1220 4455 C.

729 4487 768 4550 ⁷)
806 4484 1026 4553 Bergk:
1063 4489 1199 4555 poet.
1238 4486 1338 4553 lyr.
1377 4486 1553 4554 graeci
1588 4484 1721 4539 111.⁴
1760 4505 1811 4557 p.
1848 4487 1963 4541 277.
2004 4505 2053 4540 11.
2093 4488 2176 4541 82.
