3317 5117
1307 480 1729 542 ...77-

341 665 600 745 ausim,
645 664 994 751 quoniam
1037 662 1262 729 aliam
1303 662 1526 729 fuisse
1573 663 2171 731 consuetudinem
2216 662 2377 729 aliis
2422 666 2696 749 tempo-

341 775 538 842 ribus
569 778 868 841 constat.
943 772 1100 840 Illis
1129 772 1330 855 lociS,
1375 774 1504 839 ubi
1535 792 1681 839 non
1725 774 2091 840 invenitur
2134 773 2275 840 nisi
2319 772 2454 855 lac,
2500 772 2697 860 quod

339 884 606 953 libatur
667 884 999 967 mortuis,
1061 884 1210 951 mel
1263 903 1549 971 quoque
1603 882 2154 969 intelligendum
2200 902 2357 951 esse
2412 902 2695 951 summo

339 996 493 1062 iure
537 993 838 1061 Nitzsch
881 996 954 1060 iu
962 993 1250 1061 dicavit.
1273 996 1316 1073 Ι)
1397 992 1558 1061 Iam
1603 1013 1776 1061 vero
1822 994 1951 1061 ah'i
1992 994 2137 1061 loci
2181 994 2696 1077 demonstrant,

337 1106 590 1173 vinum
635 1104 1055 1191 saepissime
1101 1103 1432 1171 additum
1479 1124 1636 1171 esse
1674 1103 1769 1170 ad
1812 1103 1998 1172 illud
2041 1099 2443 1187 μελίκρατον,
2454 1105 2505 1186 ²)
2552 1124 2700 1193 qua

339 1217 412 1283 in
457 1236 534 1283 re
577 1215 898 1282 maxime
944 1214 1286 1281 differunt
1328 1217 1782 1282 mortuorum
1820 1215 2173 1283 libamina
2208 1215 2301 1283 ab
2342 1216 2464 1298 eiS,
2511 1234 2697 1302 quae

343 1323 630 1410 νηφάλια
662 1325 821 1392 sola
861 1325 1284 1391 numinibus
1328 1324 1578 1393 inferis
1625 1324 1870 1392 oblata
1914 1344 2069 1392 esse
2116 1344 2339 1412 supra
2374 1326 2691 1412 exposui.

345 1436 448 1505 Of.
493 1436 868 1522 Euripidis
911 1434 1140 1503 Orest.
1188 1454 1291 1503 vs.
1345 1439 1485 1502 114.
1534 1440 1600 1501 5:

644 1577 940 1643 ἐλθοῦσα
985 1566 1048 1641 δ’
1101 1568 1275 1665 ἀμφὶ
1317 1571 1430 1643 τὸν
1475 1571 2055 1665 Κλυταιμνήστρας
2098 1572 2309 1664 τάφον

642 1678 981 1773 μελίκρατ’
1032 1679 1195 1775 ἷίφες
1240 1682 1562 1773 γάλακτος
1605 1678 1954 1753 οἶνωπόντ’
2006 1680 2200 1774 ἄχνην
2230 1739 2244 1752 .
2279 1737 2296 1754 .
2331 1737 2346 1751 .
2380 1740 2393 1753 .

510 1834 765 1904 Oleum
814 1855 1099 1922 quoque
1144 1836 1509 1902 invenitur
1553 1837 1629 1901 in
1683 1836 2140 1903 caerimoniis
2183 1833 2693 1918 fimebribuS,³)

342 1948 536 2033 quod
579 1948 1027 2034 temporibus
1074 1945 1516 2033 quibusdam
1560 1948 1663 2014 ita
1704 1947 1779 2012 in
1824 1966 1962 2013 usu
1997 1946 2151 2030 fuit,
2197 1950 2278 2013 ut
2311 1946 2430 2013 lex
2474 1945 2694 2014 ferre-

339 2061 485 2141 tur,
540 2078 727 2146 quae
778 2056 918 2124 hoc
969 2057 1312 2142 restringi
1363 2057 1589 2123 iussit.
1678 2056 1957 2123 Titulus
2002 2058 2197 2124 enim
2238 2056 2539 2143 Delphis
2584 2057 2694 2123 in-

339 2170 661 2250 ventus⁴)
705 2168 889 2237 haec
935 2167 1262 2234 tradidit:
1309 2162 1499 2251 φέρεν
1543 2163 1614 2230 δὲ
1644 2157 1819 2231 οἶνον
1861 2163 1978 2230 ἐπὶ
2025 2162 2101 2231 τὸ
2145 2167 2322 2252 σῆμα
2366 2163 2449 2247 μὲ
2492 2163 2695 2231 πλέον

339 2278 534 2361 τριῶν
573 2279 705 2358 χῶν
747 2276 862 2341 καὶ
905 2272 1128 2341 ἔλαιον
1167 2274 1250 2359 μὲ
1279 2273 1483 2341 πλέον
1513 2270 1676 2354 ἑνός·
1724 2273 1808 2341 τὰ
1839 2275 1910 2341 δὲ
1942 2268 2169 2363 ἀγγεῖα
2202 2266 2690 2364 ἀποφέρεσθαι.

339 2388 544 2457 Unus
615 2392 850 2457 exstat
917 2389 1122 2455 locus
1143 2443 1158 2471 ,
1244 2390 1371 2456 ubi
1444 2408 1695 2456 omnes
1766 2388 1845 2456 hi
1916 2389 2234 2476 liquores
2306 2389 2483 2474 mel,
2556 2390 2692 2469 lac,

341 2521 557 2587 aqua,
613 2502 893 2582 vinum,
943 2499 1182 2566 oleum
1227 2498 1693 2567 adhibentur:
1742 2500 1940 2587 apud
1972 2499 2420 2587 Aeschylum
2464 2500 2688 2579 (Pers

342 2631 443 2679 vs.
493 2614 618 2679 608
652 2612 834 2698 sqq.)

507 2747 838 2834 Denique
901 2747 1276 2831 sanguinis
1340 2766 1624 2835 quoque
1689 2751 1941 2834 potum
2002 2749 2303 2816 mortuis
2367 2749 2693 2817 oblatum

339 2878 494 2927 esse
554 2859 704 2925 iam
764 2877 987 2944 supra
1046 2857 1366 2925 vidimus
1436 2859 1512 2924 in
1577 2857 1833 2945 Odyss
1892 2857 1947 2927 λ.
2002 2878 2105 2925 νε.
2169 2863 2249 2925 36
2295 2878 2448 2947 sqq.
2547 2859 2694 2929 Sed

339 2972 590 3057 poetae
643 2968 1076 3056 posteriores
1120 2967 1260 3035 hac
1324 2969 1401 3035 in
1445 2989 1523 3034 re
1577 2967 1761 3037 nihil
1808 2969 2177 3051 differunt3
2240 2973 2319 3035 ut
2360 2969 2687 3058 Euripid.

339 3078 614 3148 Hecub.
663 3100 766 3146 vs.
816 3081 940 3145 535
986 3098 1150 3166 sqq:

748 3212 784 3287 ὃ
828 3211 1107 3287 δἐἷπεν·
1156 3208 1208 3285 ὦ
1253 3225 1386 3285 παῖ
1430 3220 1720 3307 Πηλέως,
1765 3218 1989 3309 πατὴρ
2035 3212 2271 3304 δ’ἑμός,

745 3331 931 3409 δέξαι
971 3326 1136 3412 χοάς
1177 3356 1303 3414 μου
1346 3326 1546 3397 τάσδε
1586 3328 2010 3420 κηλητηριόυς

746 3443 981 3527 νεκρῶν
1025 3433 1334 3527 ἀγωγούς·
1383 3440 1543 3507 ἐλθὲ
1587 3432 1746 3520 δ’ὡς
1789 3438 1952 3529 πίῃς
1992 3440 2198 3524 μέλαν

742 3547 936 3639 κόρης
979 3542 1336 3639 ἀκραιφνὲς
1380 3543 1570 3636 αἷμα,
1618 3544 1764 3619 ὅσοι
1814 3547 2207 3639 δωρούμεθα

746 3659 1021 3746 στρατὸς
1063 3661 1137 3727 δὲ
1177 3652 1384 3748 κάγώ·
1431 3664 1793 3751 πρευμενὴς
1836 3653 2061 3751 δ’ἡμῖν
2104 3666 2303 3750 γενοῦ.

509 3810 956 3895 Sanguinem
1019 3810 1326 3877 effusum
1386 3810 1809 3878 libationem
1862 3830 2017 3879 esse
2070 3811 2486 3880 habendam
2537 3813 2688 3879 iam

340 3921 624 4007 saepius
684 3921 1007 3988 indicavi
1068 3924 1138 3986 et
1196 3920 1310 3988 his
1382 3921 1679 4007 quidem
1750 3923 1826 3989 in
1902 3924 2357 3991 caerimoniis
2432 3923 2687 3990 eodem

513 4141 550 4207 ¹)
586 4141 654 4194 ad
690 4139 884 4208 Odyss.
920 4139 1012 4192 111.
1049 4159 1099 4210 p.
1140 4142 1253 4194 162.

509 4244 552 4308 ²)
588 4242 665 4297 Cf.
701 4243 916 4297 Luciani
953 4242 1107 4298 Char.
1146 4261 1257 4314 cap.
1293 4244 1378 4297 22.

507 4346 549 4409 ³)
585 4344 661 4399 cf.
697 4345 936 4415 Euripid.
972 4344 1084 4415 Iph.
1122 4345 1277 4399 Taur.
1316 4363 1390 4399 vs.
1428 4345 1529 4401 635
1566 4363 1679 4417 sqq.
1751 4344 1894 4400 Plut.
1931 4345 2152 4401 Aristid.
2191 4348 2274 4399 21.

506 4448 549 4511 ⁴)
584 4464 665 4516 ap.
703 4446 1169 4515 Dittenbergerum
1207 4448 1262 4500 in
1299 4447 1496 4515 Syllog.
1534 4465 1614 4502 no.
1652 4448 1769 4501 467.
1808 4465 1882 4501 vs.
1918 4449 1966 4502 9.
