3317 5117
1561 418 1939 479 ..4-

591 600 845 668 Weisen
899 605 1247 687 yepriesen,
1317 604 1549 680 komm,
1622 625 1656 669 o
1719 603 1995 687 Kluqer,
2066 605 2184 668 mit
2242 602 2515 669 Deinem
2574 603 2939 687 mdchtiyen

585 711 830 779 Glanze
872 714 1009 779 und
1045 716 1323 798 yeniesse
1365 715 1468 779 die
1518 712 1755 779 Gaben.

748 820 936 891 Cum
979 844 1070 891 ex
1120 824 1212 892 iis
1265 824 1514 906 rebUS,
1572 844 1754 911 quas
1801 824 1891 891 de
1936 844 2112 891 voce
2156 825 2244 889 hu
2298 824 2637 906 diximUS,
2691 827 2848 890 tum
2894 843 2941 889 e

573 933 906 1020 plurimis
939 932 1318 1001 Vedarum
1346 934 1548 1016 lociS,
1593 935 1723 1001 ubi
1750 934 2141 1001 traduntur
2182 934 2569 1002 libationes
2601 934 2757 1000 deis
2806 934 2933 1002 ob·-

573 1044 784 1127 latae,
817 1044 1323 1112 coniciendum
1353 1063 1509 1112 esse
1537 1047 1734 1131 puto,
1767 1045 2290 1132 antiquissimis
2309 1044 2455 1111 illis
2485 1044 2941 1130 temporibus

575 1159 644 1222 et
689 1155 1171 1223 creberrimas
1214 1156 1438 1223 fuisse
1483 1156 1866 1223 libationes
1912 1158 1982 1223 et
2008 1155 2308 1242 prioreS,
2354 1175 2576 1242 quam
2608 1155 2933 1222 victima-

572 1286 741 1332 rum
783 1265 1162 1334 sacrificia.
1254 1263 1417 1345 Qua
1467 1286 1546 1334 re
1599 1266 1997 1333 invitamur
2040 1269 2121 1333 ut
2166 1285 2630 1353 quaeramUS,
2692 1285 2941 1332 nonne

571 1379 649 1442 in
697 1374 1149 1444 Graecorum
1194 1397 1481 1463 quoque
1525 1376 1876 1461 religione
1906 1377 2216 1462 vestigia
2249 1376 2733 1458 inveniantur,
2780 1376 2937 1462 qui-

571 1487 712 1554 bus
772 1487 1149 1573 probetur,
1211 1487 1634 1554 libationem
1700 1507 1847 1554 non
1894 1522 1970 1533 —
2027 1490 2110 1554 ut
2162 1486 2403 1555 adhuc
2448 1486 2597 1554 fere
2654 1505 2944 1572 semper

573 1600 872 1685 putatur
915 1633 993 1643 —
1042 1600 1328 1684 partem
1370 1597 1490 1664 vel
1534 1597 2047 1684 compendium
2102 1597 2441 1665 sacrificii
2486 1597 2765 1665 cruenti
2804 1596 2937 1665 ha-

574 1708 894 1777 bendam
955 1728 1140 1791 esse,
1205 1707 1334 1774 sed
1394 1708 1634 1794 potius
1698 1710 2065 1795 antiquius
2128 1709 2365 1776 cultus
2420 1727 2679 1793 genus,
2742 1708 2939 1795 quod

575 1822 828 1906 postea
890 1840 1060 1886 cum
1120 1819 1435 1885 victimis
1496 1819 1890 1886 immolatis
1953 1820 2491 1906 combustisque
2554 1818 2717 1886 aliis
2770 1839 2939 1887 con-

577 1931 905 1997 iunctum
923 1931 1144 1996 ritum
1160 1929 1373 1996 illum
1392 1928 1642 2013 effecit,
1681 1951 1899 2017 quem
1928 1930 2077 1997 iam
2105 1931 2184 1997 in
2204 1930 2649 1998 carminibus
2666 1928 2947 1997 Home·

581 2042 752 2108 ricis
796 2041 1012 2127 plane
1059 2040 1430 2107 excultum
1472 2041 1903 2108 invenimus.

747 2150 910 2219 Hoc
971 2150 1132 2217 loco
1188 2171 1426 2237 pauca
1483 2153 1802 2219 inserere
1862 2150 2045 2217 mihi
2115 2150 2333 2218 liceat
2395 2150 2484 2218 de
2546 2151 2939 2218 verborum

584 2264 820 2349 copia,
885 2282 1070 2348 quae
1135 2261 1230 2328 ad
1273 2262 1694 2329 libationem
1739 2261 2300 2347 significandam
2352 2262 2845 2344 inveniuntur,
2900 2281 2943 2329 0·

579 2373 845 2461 quibus
909 2372 1192 2439 elucere
1254 2375 1428 2459 puto
1451 2426 1466 2455 ,
1538 2376 1981 2459 quantopere
2041 2373 2119 2438 in
2179 2391 2319 2439 usu
2388 2371 2606 2438 fuerit
2665 2372 2935 2439 libatio.

580 2482 877 2551 Praeter
931 2484 1073 2549 tria
1123 2483 1253 2550 illa
1304 2484 1558 2565 verba,
1624 2482 1713 2549 de
1776 2483 2039 2570 quibus
2092 2484 2243 2549 iam
2297 2501 2521 2568 supra
2575 2482 2943 2569 disputavi

581 2592 854 2679 σπονδή,
901 2586 1108 2678 λοιβή,
1153 2586 1272 2679 χοή
1318 2594 1461 2660 (1110
1509 2592 1967 2676 adhibentur,
2012 2613 2200 2679 quae
2240 2592 2424 2659 nihil
2468 2593 2670 2660 aliud
2715 2593 2941 2660 conti-

579 2707 772 2786 nent,
815 2705 960 2771 nisi
1001 2704 1276 2771 fluendi
1319 2705 1686 2771 notionem
1717 2698 1933 2789 πηγαί
1952 2704 1993 2783 ¹)
2042 2706 2113 2770 et
2142 2698 2377 2787 ροαί,2)
2422 2723 2607 2789 quae
2646 2704 2947 2770 omnino

584 2815 1096 2900 coniungenda
1157 2818 1326 2881 sunt
1387 2835 1555 2882 cum
1612 2808 1794 2896 χοαί,
1858 2814 2054 2900 quod
2112 2834 2259 2881 non
2322 2818 2607 2881 exstant
2666 2815 2809 2881 nisi
2864 2815 2941 2881 in

581 2927 928 2993 libatione
981 2924 1285 2992 funebri.
1303 2927 1352 3006 3)
1441 2924 1638 2992 Nam
1699 2924 1839 2991 hac
1891 2926 1969 2991 in
2024 2924 2489 3002 caerimonia,
2551 2928 2633 2991 ut
2692 2927 2945 3011 postea

581 3037 1013 3119 videbimUS,
1045 3039 1235 3103 totus
1265 3036 1525 3124 liquor,
1559 3023 1792 3123 quiin
1821 3038 2091 3122 pateris
2121 3038 2375 3117 inerat,
2421 3037 2497 3101 in
2528 3036 2943 3123 sepulcrum

584 3147 1109 3229 effundebatur,
1153 3151 1235 3213 ut
1277 3147 1489 3214 facile
1527 3148 1757 3215 verba
1798 3147 2073 3214 fluendi
2114 3147 2580 3234 quadrarent,
2624 3147 2702 3214 id
2747 3146 2945 3234 quod

581 3279 731 3325 11011
770 3258 1244 3325 conveniebat
1275 3259 1575 3325 deorum
1609 3278 2038 3344 superorum
2066 3258 2558 3340 libationibus,
2605 3258 2731 3324 ubi
2767 3277 2949 3343 pau-

584 3389 710 3437 cae
765 3372 1010 3454 guttae
1063 3368 1717 3455 profundebantur,
1770 3372 1850 3434 ut
1893 3369 2117 3436 verbo
2172 3364 2477 3431 σπένδειν
2520 3388 2946 3454 expressum

583 3483 707 3548 est.
805 3480 1013 3547 Idem
1059 3499 1312 3547 sensus
1376 3482 1622 3548 subest
1684 3480 1847 3547 voci
1904 3472 2102 3557 χύτλα
2126 3481 2175 3561 4)
2238 3498 2425 3565 quae
2489 3479 2784 3565 quidem
2849 3480 2943 3546 ad

587 3590 1011 3658 libationem
1054 3590 1615 3675 significandam
1661 3610 1804 3656 non
1852 3589 2238 3656 adhibetur
2282 3590 2425 3656 nisi
2453 3609 2755 3656 numero
2786 3590 2949 3677 plu-

763 3821 801 3886 ¹)
842 3819 918 3875 Cf.
957 3820 1198 3890 Sophocl.
1234 3819 1314 3872 El.
1352 3836 1427 3881 vs,
1466 3819 1581 3873 895.

758 3923 803 3987 2)
840 3921 916 3977 Cf.
953 3922 1190 3991 Euripid.
1226 3922 1347 3976 Hel.
1384 3938 1460 3975 vs.
1500 3922 1647 3984 1587.

759 4025 803 4091 3)
839 4024 1037 4094 Negari
1071 4042 1174 4079 non
1207 4028 1401 4095 potest,
1438 4042 1612 4079 vocem
1644 4025 1782 4094 χοαί
1806 4042 2011 4094 quoque
2046 4025 2284 4079 adhiberi
2319 4026 2387 4078 ad
2422 4026 2580 4078 aliam
2616 4024 2949 4077 indicandam

586 4110 909 4172 libationem,
949 4127 1009 4163 ac
1042 4110 1331 4177 funebrem,
1368 4113 1544 4164 tamen
1582 4127 1614 4163 a
1648 4108 1863 4163 Graecis
1889 4110 2047 4177 vulgo
2080 4109 2406 4163 intellectam
2443 4127 2557 4163 esse
2591 4125 2707 4163 eam
2742 4109 2953 4163 libatio-

587 4210 733 4256 nem,
783 4211 914 4263 quae
951 4195 1214 4249 defunctis
1249 4195 1439 4256 fiebat,
1478 4196 1581 4248 iam
1618 4195 1956 4263 antiquorum
2004 4195 2306 4249 testimonia
2348 4196 2587 4264 probant.
2660 4194 2737 4250 Cf.
2777 4194 2951 4248 Schol.

586 4279 743 4333 Hom.
781 4278 878 4334 Od.
915 4301 966 4335 κ.
1003 4280 1122 4347 518,
1160 4284 1209 4333 λ.
1248 4281 1329 4333 26.
1366 4281 1555 4334 Eusth.
1593 4281 1678 4334 ad.
1716 4280 1812 4335 Od.
1850 4297 1897 4334 x.
1937 4280 2037 4334 518
2074 4280 2158 4335 ad.
2195 4280 2256 4333 11.
2304 4282 2370 4334 Ψ.
2408 4281 2523 4334 220.

761 4385 803 4445 ⁴)
841 4381 921 4438 Cf.
956 4382 1132 4452 Apoll.
1167 4383 1337 4437 Rhod.
1377 4382 1502 4451 Arg.
1540 4383 1582 4448 I,
1622 4382 1771 4435 1075.
1812 4382 1975 4452 Orph.
2012 4381 2138 4451 Arg.
2176 4384 2293 4438 571.
2331 4384 2472 4437 Paus
2525 4383 2614 4441 IX,
2657 4384 2734 4434 17.
2774 4384 2822 4433 4.
