3317 5117
1391 266 1807 329 -31...

993 440 1152 533 Ἐγώ
1195 437 1266 513 δ’
1291 443 1449 529 ἔχων
1493 442 1802 533 σκύπφον
1842 438 2127 533 Ἐρξίωνι

993 560 1087 645 τῷ
1131 553 1501 646 λευκολόφῳ
1544 553 1780 640 μεστόν
1822 555 2141 637 ἐξέπινον.

415 726 495 737 -—
551 677 697 753 ἀντὶ
757 688 876 753 τοῦ
927 684 1310 773 προέπινον.
1374 682 1611 771 κυρίως
1670 680 1793 772 γάρ
1853 684 1995 751 ε’στι
2048 687 2243 752 τοῦτο
2295 680 2648 771 προπίνειν
2698 680 2780 754 vo*

413 795 610 885 ἑτέρῳ
662 794 794 884 πρὸ
850 794 1087 863 ἑαυτοῦ
1145 798 1377 863 δοῦναι
1437 800 1640 861 πιεῖν.
1697 794 1813 861 καὶ
1860 787 1895 861 ὃ
1935 789 2282 874 Ὀδυσσεῦ-ς
2333 794 2407 861 δὲ
2450 790 2639 881 παρὰ
2684 797 2779 881 τῷ

409 900 666 997 Ὁμήρῳ
710 910 793 997 τῇ
838 946 920 957 —-
961 898 1208 995 Ἀρήτῃ
1251 897 1314 972 δ’
1337 906 1406 971 ἐν
1445 906 1625 992 χερσὶ
1668 904 1853 973 τίθει
1896 906 2111 985 δέπας
2156 898 2650 994 ἀμφικύπελλον
2696 946 2775 955 —-

413 1020 524 1086 καὶ
567 1018 634 1085 έν
672 1010 914 1085 Ἰλιάδι
953 1058 1023 1067 -
1074 1014 1505 1105 Πλησάμενος
1549 1009 1612 1084 δ’
1639 1013 1846 1085 οἴνοιο
1888 1017 2101 1097 δέπας
2144 1008 2416 1085 δείδεκτ’
2463 1008 2776 1103 Ἀχιλλῆα

417 1172 498 1182 —-
553 1132 952 1217 πληροῦντες
1011 1125 1134 1215 γὰρ
1186 1128 1551 1215 προέπινον
1605 1123 1913 1217 ἀλλήλοις
1961 1125 2131 1213 μετὰ
2186 1124 2775 1217 προσαγορεύσεως.

583 1268 835 1349 Neque
881 1268 1118 1335 solum
1163 1267 1342 1336 haec
1387 1288 1535 1335 una
1588 1268 2016 1337 acclamatio
2072 1268 2585 1351 adhibebatur3
2649 1268 2780 1335 sed

411 1380 662 1464 fiebat,
715 1383 797 1446 ut
839 1381 929 1463 iS,
977 1380 1098 1461 qui
1143 1380 1236 1447 ab
1283 1379 1426 1447 alio
1475 1379 1881 1467 appellatus
1926 1379 2025 1447 ad
2074 1380 2475 1448 bibendum
2518 1400 2779 1467 provo-

415 1491 746 1575 cabatur,
803 1489 1030 1557 alium
1073 1489 1500 1577 appellaret,
1563 1494 1644 1556 ut
1699 1491 2037 1575 deinceps
2080 1489 2204 1558 ille
2257 1490 2515 1558 eodem
2556 1490 2775 1557 modo

413 1605 760 1689 pergeret.
853 1600 958 1668 Of.
1006 1600 1340 1667 Alexidis
1387 1620 1706 1668 versum:
1732 1601 1775 1680 ¹)

948 1720 1155 1813 τούτῳ
1200 1716 1532 1810 πρόπιθ’,
1579 1727 1689 1790 ἵνα
1734 1716 1994 1805 κάὗτός
2038 1720 2232 1813 ἄλλῳ,

413 1856 490 1924 id
551 1857 744 1938 quod
786 1855 1225 1925 Plutarchus
1237 1858 1286 1939 2)
1349 1877 1624 1938 quoque
1688 1856 1982 1925 firmare
2036 1856 2349 1941 videtur,
2413 1858 2534 1939 qui
2596 1856 2776 1925 haec

411 1968 652 2036 refert:
698 1968 814 2032 τοῦ
857 1964 930 2031 δὲ
959 1964 1364 2051 Περιάνδρου
1408 1968 1501 2052 τῷ
1551 1962 1803 2031 Χίλωνι
1847 1962 2255 2051 προπίοντος
2298 1955 2616 2052 εὐμεγέθη
2657 1960 2776 2030 κύ-

413 2077 586 2162 λικα,
629 2078 724 2162 τῷ
767 2075 838 2141 δὲ
869 2073 1106 2141 Βίαντι
1152 2078 1268 2141 τοῦ
1297 2073 1595 2154 Χίλωνος
1628 2071 1951 2162 Ἄρδαλος
1994 2068 2105 2141 ἐπ’
2157 2065 2448 2153 ἀναστάς
2480 2132 2493 2147 .
2545 2127 2559 2141 .
2609 2131 2622 2145 .
2674 2132 2687 2146 .

584 2188 749 2271 Qua
792 2210 871 2258 re
919 2189 1379 2257 considerata
1420 2190 1496 2256 in
1539 2192 1857 2257 mentem
1902 2189 2117 2271 venit,
2167 2188 2363 2257 hunc
2406 2208 2625 2257 usum
2666 2190 2776 2256 in-

413 2300 646 2367 veniri
670 2300 748 2369 in
782 2300 1032 2369 Sosiae
1065 2299 1383 2383 vascu10‚
1431 2300 1773 2380 quoniam
1803 2299 2069 2386 Apollo
2100 2300 2419 2367 Dianam
2460 2299 2778 2386 appellat

415 2411 644 2491 (iuxta
661 2409 966 2478 Vestam
985 2410 1399 2493 sedentem),
1431 2429 1612 2491 quae
1629 2410 1792 2497 ipsa
1808 2410 2195 2478 exclamat:
2224 2411 2771 2478 ΛΟΦΙΤΡΙΤΛ.

583 2520 728 2591 Sed
757 2541 909 2588 non
947 2520 1184 2587 solum
1214 2538 1374 2587 mos
1405 2523 1586 2603 erat,
1631 2523 1714 2587 ut
1755 2540 2019 2587 nomen
2066 2520 2580 2608 appellaretur,
2646 2521 2772 2589 sed

412 2636 494 2698 ut
532 2632 1046 2719 propinaretur
1089 2631 1186 2699 ad
1230 2634 1503 2698 certam
1546 2651 1703 2697 rem
1756 2631 2150 2718 optandam
2163 2685 2179 2714 ,
2234 2634 2315 2698 ut
2357 2632 2773 2715 amicitiam,

411 2742 488 2809 id
549 2742 740 2824 quod
805 2761 971 2809 cum
1025 2762 1114 2809 ex
1168 2741 1416 2809 multis
1466 2741 1656 2825 aliis,
1720 2745 1878 2808 tum
1937 2762 2025 2809 ex
2072 2741 2405 2809 Alexidis
2420 2741 2471 2825 ³)
2525 2743 2770 2810 verbis

411 2854 942 2938 cognoscimus:
987 2851 1102 2937 τῆς
1145 2847 1540 2936 φιλοτησίας
1583 2844 1706 2934 ἐγώ
1749 2849 1993 2933 μεστὰς
2022 2847 2333 2934 προπίνω
2364 2840 2425 2935 γ’
2454 2845 2600 2915 ἴσον
2644 2846 2769 2937 ἴσῳ

412 2959 827 3046 κεκραμένας.

580 3071 793 3154 Quod
844 3075 949 3141 ita
997 3075 1075 3141 in
1128 3093 1264 3139 usu
1321 3072 1543 3141 fuisse
1597 3077 1904 3156 constat,
1972 3077 2049 3139 ut
2109 3073 2482 3159 poculum,
2547 3096 2585 3141 e
2631 3093 2770 3156 quo

412 3184 604 3253 hunc
621 3184 954 3253 libabant
971 3187 1223 3271 potum
1254 3186 1624 3267 convivae,
1655 3178 2012 3270 φιλοτησία
2043 3185 2518 3267 vocaretur.⁴)
2562 3185 2771 3252 Alias

413 3316 686 3377 quoque
734 3315 849 3362 res
879 3296 1304 3383 propinasse
1333 3295 1681 3362 convivas
1725 3294 1921 3363 idem
1959 3295 2213 3362 Alexis
2227 3296 2275 3377 5)
2320 3296 2601 3381 probat,
2648 3298 2770 3376 qui

411 3405 624 3474 huius
671 3406 1110 3487 quaestionis
1155 3405 1634 3488 gravissimus
1681 3406 1953 3473 exstitit
1994 3407 2221 3473 testis:

585 3628 622 3693 ¹)
657 3626 819 3683 Kock.
854 3626 922 3680 Π.
959 3642 1009 3695 p.
1047 3626 1166 3680 315.
1201 3642 1250 3679 n.
1290 3626 1375 3680 53.

578 3731 620 3794 ²)
657 3730 840 3783 moral.
875 3745 926 3798 p.
968 3730 1079 3784 155.
1119 3728 1175 3782 Ε.
1215 3752 1281 3772 ==
1317 3732 1450 3797 sept.
1489 3746 1598 3799 sap.
1638 3746 1783 3785 conv.
1824 3730 1902 3783 13.

581 3833 621 3901 ³)
658 3832 820 3887 Kock.
859 3832 932 3885 11.
968 3851 1018 3903 p.
1055 3833 1170 3887 317.
1209 3850 1260 3886 n.
1298 3834 1378 3887 58.
1863 3831 1872 3840 '

579 3939 622 4002 ⁴)
661 3936 736 3991 Cf.
775 3935 1016 3991 Alexidis
1049 3937 1113 3991 fr.
1152 3936 1334 4002 (Kock.
1373 3934 1441 3987 II.
1477 3954 1529 4006 p.
1567 3937 1669 3991 402
1716 3955 1766 3989 n.
1806 3938 1947 4000 291.)

1029 4040 1378 4109 φιλοτησίαν
1434 4055 1528 4093 σοι
1585 4035 1736 4109 τήνδ’
1800 4035 1916 4109 ἐγὼ

1027 4123 1142 4199 ἰδίᾳ
1179 4143 1243 4179 τε
1280 4124 1380 4179 καὶ
1414 4128 1587 4193 κοινῇ
1623 4121 1829 4180 κύλικα
1866 4126 2211 4194 προπίομαι.

585 4227 624 4293 ⁵)
661 4226 820 4281 Kock.
861 4226 927 4281 II.
967 4243 1016 4296 p.
1053 4227 1167 4281 336.
1206 4245 1258 4281 n.
1298 4228 1411 4279 111.
1451 4225 1554 4296 (ap.
1591 4227 1785 4282 Athen.
1829 4225 1919 4280 VI.
1956 4246 2005 4299 p.
2044 4227 2146 4281 254
2183 4227 2285 4289 A).
