3317 5117
529 576 774 639 tamen
824 572 1155 658 pluribus
1209 572 1389 639 locis
1443 573 1683 658 prima
1726 575 2029 639 vocatur
2084 593 2311 639 coena
2354 572 2577 639 finita.
2670 572 2893 639 Athe-

527 703 755 751 naeus
799 682 1206 750 Philonidis
1251 685 1478 750 verba
1529 684 1779 750 tradit:
1844 684 1936 768 τῷ
1992 680 2063 746 δὲ
2115 671 2281 764 μετὰ
2336 682 2606 746 δεῖπνον
2660 705 2891 766 κεκρα-

528 790 700 877 μένῳ
745 787 987 877 πρώτῳ
1017 790 1508 877 προσδιδομένῳ
1541 788 1838 878 ποτηρίῳ
1870 788 2005 857 Δία
2043 794 2304 878 σωτῆρα
2337 787 2736 876 ἐπιλέγουσι.
2773 844 2785 857 .
2824 844 2837 856 .
2876 844 2889 856 .

530 902 636 972 Cf.
681 904 1089 971 Diodorum
1135 904 1288 986 (IV,
1336 909 1430 985 3);
1494 907 1710 991 atque
1764 904 2205 989 Antiphanis
2260 905 2520 971 comici
2573 906 2888 987 versus¹)

527 1035 671 1081 non
741 1015 951 1081 aliter
1011 1015 1463 1099 intelligendi
1525 1019 1709 1081 sunt.
1774 1053 1860 1060 —
1922 1014 2067 1083 Sed
2121 1018 2407 1081 exstant
2457 1016 2888 1098 testimonia,

529 1127 793 1212 quibus
856 1126 1035 1192 haec
1099 1128 1594 1192 controversia
1661 1127 1997 1211 componi
2058 1128 2299 1211 possit.
2407 1125 2603 1192 Nam
2665 1125 2889 1193 Athe-

526 1255 752 1302 naeus
779 1235 891 1315 (ΙΙ.
914 1256 979 1321 p.
1004 1240 1102 1303 38.
1126 1236 1241 1318 D.)
1288 1235 1810 1303 Philochorum
1838 1237 2150 1303 laudans
2181 1236 2363 1303 haec
2396 1237 2595 1304 dicit:
2644 1260 2885 1315 προσε-

525 1342 816 1429 πιλέγειν
845 1344 917 1409 δὲ
946 1337 1152 1430 τούτῳ
1185 1346 1308 1431 (sc.
1332 1342 1663 1430 Διονύσῳ)
1694 1341 1768 1410 τὸ
1802 1348 1915 1410 τοῦ
1935 1343 2097 1423 Διὸς
2132 1358 2415 1432 σωτῆρος
2447 1337 2667 1427 ὄνομα,
2702 1346 2885 1410 διδα-

525 1467 636 1542 χῆς
677 1453 796 1520 καὶ
838 1450 1092 1542 μνήμης
1135 1453 1321 1519 ἕνεκα
1366 1458 1495 1519 τῶν
1539 1451 1895 1535 πινόντων,
1942 1448 2041 1521 ὅτι
2093 1448 2259 1521 οὕτω
2314 1453 2614 1532 πίνοντες
2661 1446 2887 1539 ἄσφα-

529 1567 655 1643 λῶς
727 1561 1168 1653 σωθήσονται.
1258 1569 1502 1635 Etiam
1573 1571 1811 1653 magis
1885 1569 2029 1636 huc
2105 1570 2468 1655 quadrant
2540 1570 2886 1655 Diphiw)

530 1699 809 1747 versus:
2210 1690 2217 1695 ·

931 1786 1280 1877 Ἀρχίλοχε,
1329 1795 1512 1874 δέξαι
1557 1791 1745 1882 τήνδε
1787 1798 1899 1883 τὴν
1943 1794 2421 1882 μετανιπτρίδα

935 1909 1172 1993 μεστὴν
1216 1903 1376 1983 Διὸς
1421 1920 1723 1994 σωτῆρος,
1766 1899 2067 1989 Ἀγαθοῦ
2110 1905 2437 1990 δαίμονος.

701 2043 862 2124 Qua
905 2067 983 2111 re
1027 2047 1343 2131 primum
1389 2047 1689 2131 probari
1733 2066 2008 2129 cense0‚
2053 2047 2355 2112 vocibus
2397 2034 2697 2126 ’Λγαθοῦ
2744 2043 2887 2109 δαί-

527 2178 719 2236 μονος
779 2177 857 2222 re
913 2177 1087 2222 vera
1139 2156 1513 2223 Bacchum
1576 2158 1669 2223 ab
1720 2156 2093 2223 Athenaeo
2158 2157 2647 2241 significatum
2707 2178 2883 2241 esse,

526 2270 681 2333 tum
726 2267 969 2354 aliquo
1014 2272 1334 2353 tempore
1382 2269 1565 2335 duas
1611 2268 1775 2333 illas
1807 2267 2186 2334 libationes
2230 2256 2529 2350 Ἀγαθοῦ
2575 2263 2885 2349 δαίμονος

524 2380 595 2443 et
638 2372 799 2453 Διὸς
844 2379 1130 2457 σωτῆρος
1171 2380 1462 2445 ineunte
1510 2379 1844 2444 convivio
1891 2379 2313 2445 coniunctas
2358 2377 2601 2445 fuisse.
2679 2377 2880 2458 Quae

527 2508 693 2555 cum
737 2489 839 2555 ita
883 2490 1026 2555 sint
1053 2488 1192 2555 hoc
1223 2490 1479 2555 eodem
1508 2492 1829 2574 tempore
1860 2489 2162 2574 triplicis
2193 2488 2561 2555 libationis
2592 2490 2881 2555 tertiam

526 2593 688 2674 Διὸς
722 2594 966 2662 τελείου
1012 2604 1346 2665 vocatam
1391 2620 1546 2666 esse
1593 2600 1965 2666 coniciam.
2045 2596 2281 2678 Quam
2311 2600 2668 2684 triplicem
2698 2600 2880 2666 liba-

524 2711 794 2777 tionem
845 2710 1176 2776 ultimam
1231 2711 1547 2777 convivii
1601 2712 1814 2776 certis
1862 2711 2307 2796 temporibus
2353 2711 2657 2776 effusam
2702 2729 2878 2794 esse,

523 2824 699 2888 teste
743 2821 1287 2907 Xenophonte³³)
1341 2823 1719 2908 probatur:
1784 2818 1965 2896 τέλος
2018 2818 2089 2882 δὲ
2141 2816 2260 2897 τὰς
2311 2817 2533 2904 τρίτας
2586 2816 2881 2896 σπονδὰς

525 2924 918 3013 ποιήσαντες
969 2929 1083 2993 καὶ
1138 2924 1463 3011 εἰξάμενοι
1523 2935 1664 3006 τοῖς
1710 2933 1896 3005 θεοῖς
1947 2920 2281 3014 τ’ἀγαθοὲ,
2344 2932 2457 3017 τὴν
2502 2932 2734 3017 σκηνὴν
2787 2927 2880 3007 εἷς

524 3036 745 3126 κοίτην
788 3039 1058 3104 διέλυον.
1110 3078 1186 3087 -
1235 3041 1462 3109 Porro
1510 3042 2027 3125 AthenaeuS‚⁴)
2073 3042 2252 3109 haec
2301 3043 2500 3111 dicit:
2569 3038 2879 3107 ἔσπενδον

525 3148 595 3215 δὲ
658 3140 797 3215 ἀπὸ
861 3153 990 3214 τῶν
1049 3148 1332 3215 δείπνων
1393 3143 1773 3228 ἀναλύοντες
1837 3150 1952 3215 καὶ
2013 3148 2130 3227 τας
2184 3148 2478 3227 σπονδὰς
2530 3150 2877 3217 ἐποιοῦντο

517 3252 714 3348 Ἑρμῇ
756 3260 872 3325 καὶ
919 3261 1053 3342 οὐχ,
1117 3253 1205 3339 ὡς
1247 3264 1522 3346 ὕστερον,
1572 3260 1689 3326 Διὶ
1742 3259 1985 3347 τελείῳ.
2077 3263 2245 3330 Non
2302 3265 2621 3331 dubitari
2665 3285 2876 3351 pOSSe

522 3377 724 3461 puto,
768 3375 1285 3460 posterioribus
1331 3375 1776 3460 temporibus
1823 3374 2010 3441 hanc
2055 3375 2413 3459 triplicem
2456 3374 2879 3442 libationem

524 3489 825 3554 exeunte
872 3487 1202 3553 convivio
1248 3487 1326 3551 in
1368 3505 1508 3551 usu
1550 3485 1801 3567 fuisse,
1856 3491 1935 3551 ut
1980 3486 2231 3570 σπονδὴ
2277 3484 2437 3560 Διὸς
2482 3481 2722 3549 τελείου
2768 3487 2876 3555 ul-

521 3598 700 3662 tima
741 3596 956 3663 fuerit
1001 3598 1332 3664 convivii.
1408 3597 1648 3663 Antea
1691 3595 2021 3662 ultimam
2060 3596 2481 3663 libationem
2513 3597 2876 3664 Mercurio

523 3708 842 3776 oblatam
887 3729 1056 3776 cum
1107 3709 1377 3792 linguis
1425 3710 1819 3774 combustis
1869 3707 2330 3774 coniunctam
2383 3709 2603 3775 fuisse
2645 3729 2876 3795 usque

521 3819 618 3885 ad
663 3819 799 3886 hoc
845 3822 1128 3905 tempus
1184 3839 1431 3884 omnes
1476 3841 1590 3884 vv.
1646 3818 1763 3885 dd„
1822 3819 2093 3904 opinati
2139 3823 2322 3884 sunt.
2416 3821 2515 3885 At
2560 3819 2873 3903 Stengei‚

697 4042 733 4107 ¹)
770 4040 931 4094 Kock.
968 4039 1035 4091 ΙΙ.
1074 4057 1119 4109 p.
1159 4040 1241 4093 82.
1281 4057 1332 4093 n.
1375 4041 1489 4091 174.

691 4143 734 4209 ²)
771 4143 929 4196 Kock.
968 4142 1035 4194 11.
1072 4160 1122 4211 p.
1160 4143 1276 4195 564.
1315 4160 1366 4196 n.
1406 4144 1485 4194 69.

690 4245 734 4313 ³)
771 4245 954 4315 Cyrop.
995 4243 1060 4296 ΙΙ.
1099 4245 1147 4299 3.
1188 4245 1232 4297 1.

690 4349 732 4413 4)
769 4348 810 4402 Ι.
847 4366 897 4417 p.
939 4348 1002 4400 16
1038 4347 1098 4399 Β.
