3317 5117
1585 404 2009 467 -13-

783 574 1080 671 Σπονδή·
1137 580 1321 649 δίδου
1368 580 1446 651 σύ
1493 575 1816 671 σπλάγχν’
1866 575 2281 651 ἀκολουθῶν·
2337 590 2461 651 ποῖ
2504 586 2807 671 βλέπειςς

784 691 1078 784 Σπονδή·
1125 685 1272 779 φέρ
1322 722 1374 760 ω
1419 700 1555 761 παῖ
1600 693 1858 762 Σωσία·
1906 692 2191 785 σπονδή·
2238 698 2471 775 καλῶς.

784 803 980 892 ἔγχει·
1025 811 1212 883 θεοῖς
1253 800 1648 891 Ὀλυμπίοις
1690 798 2031 891 ευχώμεθα

783 907 1222 1000 Ολυμπιάισι
1268 920 1444 984 πᾶσι
1490 914 1780 995 πάσαις·
1828 914 2119 1003 λάμβανε

787 1024 902 1115 τὴν
945 1030 1238 1113 γλῶτταν
1282 1028 1350 1093 ἐν
1391 1032 1626 1116 τούτῳ·
1675 1025 1931 1097 διδόναι
1980 1028 2307 1118 σωτηρίαν

785 1130 1053 1225 ὑγίειαν,
1101 1130 1332 1225 ἀγαθοὶ
1377 1135 1616 1221 πολλά,
1664 1142 1793 1205 τῶν
1836 1132 2037 1207 ὄντων
2078 1165 2148 1207 τε
2192 1152 2300 1205 νῦν

786 1241 1064 1336 ἀγαθῶν
1107 1242 1330 1337 ὄνησιν
1373 1253 1578 1316 πᾶσι·
1625 1243 1814 1316 ταῦτ’
1863 1243 2224 1334 εὐχώμεθα.

787 1378 1068 1460 Quibus
1114 1402 1152 1447 e
1198 1382 1529 1451 versibus
1575 1402 1861 1472 quoque
1906 1382 2166 1465 elucet,
2223 1382 2584 1468 quomodo
2629 1384 2983 1469 precatio-

617 1512 783 1558 nem
844 1491 1147 1559 fecerint
1209 1489 1473 1559 Graeci
1536 1494 1612 1560 in
1678 1493 2021 1560 libatione
2084 1492 2539 1560 effundenda.
2650 1492 2793 1562 Sed
2858 1494 2983 1560 alii

619 1606 904 1669 exstant
945 1602 1117 1685 loci,
1172 1603 1301 1670 ubi
1348 1604 1464 1671 dei
1517 1604 1917 1670 invitantur
1962 1604 2058 1671 ad
2110 1604 2531 1672 libationem
2576 1604 2980 1671 fruendam.

621 1711 844 1781 Cuius
899 1716 1006 1781 rei
1059 1714 1473 1801 exemplum
1528 1714 1830 1780 afferam
1877 1714 2390 1801 Aristophanis
2435 1714 2810 1800 Lysistrat.
2882 1735 2980 1781 νε.

629 1830 787 1890 1262
836 1844 988 1911 sqq,
1036 1825 1165 1891 ubi
1207 1828 1548 1910 precatur
1593 1824 1858 1891 chorus
1898 1824 2673 1893 Lacedaenioniarum:

1235 1948 1524 2044 ἆγρότερ’
1561 1950 1838 2043 ’.Ἄρτεμι
1886 1953 2257 2045 σηροκτόνε·

1233 2064 1393 2152 μόλε
1439 2071 1641 2155 δεῦρο,
1689 2065 1973 2156 πάρσενε
2018 2065 2152 2149 σιά,

1235 2176 1494 2257 ποττᾰς
1541 2176 1837 2257 σπονδὰς

1237 2282 1325 2368 ὡς
1367 2290 1632 2378 συνέχῃς
1677 2286 1887 2356 πολὺν
1932 2282 2055 2373 ἁμὲ
2098 2286 2337 2376 χρόνον.

791 2421 878 2487 In
942 2421 1387 2489 carminibus
1450 2422 1925 2508 popularibus
1980 2424 2115 2507 (ap.
2163 2420 2566 2506 Bergkium
2618 2424 2799 2507 poet.
2848 2420 2981 2505 lyr.

623 2552 859 2617 graec.
897 2537 938 2600 ⁴.
972 2532 1100 2600 III.
1134 2554 1199 2619 p.
1236 2532 1392 2615 658)
1440 2536 1727 2599 servata
1772 2535 1940 2599 sunt
1984 2533 2230 2615 verba,
2278 2552 2463 2619 quae
2508 2532 2980 2618 pronuntian-

622 2650 758 2723 tur,
808 2643 984 2709 dum
1029 2642 1112 2709 fit
1151 2644 1435 2710 libatio:

1239 2764 1340 2844 τίς
1390 2770 1561 2855 τῇδε·
1609 2768 1849 2833 πολλοὶ
1894 2758 2220 2853 κάγαθοί·

1239 2877 1603 2959 ἐκκέχυται·
1650 2875 1831 2944 κάλει
1878 2874 2058 2944 θεόν.

623 3015 780 3077 tum
840 3030 1090 3096 preces
1152 3011 1535 3077 mittuntur
1596 3010 1692 3076 ad
1756 3010 1990 3077 deum.
2088 3009 2369 3077 Eadem
2432 3010 2658 3076 verba
2730 3008 2987 3075 laudat

625 3120 1150 3207 Aristophanes
1196 3120 1365 3189 Pac.
1412 3142 1514 3187 vs.
1562 3124 1706 3187 968.
1784 3119 1889 3187 Cf.
1938 3120 2301 3187 scholiast.

796 3250 955 3317 Iam
1000 3270 1173 3317 vero
1222 3247 1540 3316 Graecos
1593 3251 1673 3316 in
1726 3248 2024 3315 libando
2070 3248 2327 3314 modos
2374 3248 2757 3314 sollemnes
2804 3249 2991 3313 ceci-

625 3362 820 3427 nisse
867 3361 1042 3426 satis
1099 3362 1381 3426 constat
1439 3363 1508 3425 et
1563 3359 1809 3425 statim
1864 3360 2178 3425 occurrit
2239 3358 2434 3426 illius
2488 3359 2699 3425 metri
2749 3377 2993 3424 recor-

627 3470 844 3553 datio,
893 3470 1089 3555 quod
1132 3469 1272 3536 hac
1319 3491 1407 3536 ex
1458 3469 1974 3536 consuetudine
2020 3489 2283 3535 nomen
2331 3469 2625 3535 duxisse
2670 3467 2989 3535 videtur:

628 3579 1011 3666 spondeus,
1104 3578 1328 3647 Cuius
1391 3601 1656 3647 nomen
1719 3581 1863 3646 iam
1930 3581 2211 3647 metrici
2271 3582 2464 3647 recte
2514 3579 2991 3666 explicarunt,

630 3710 942 3777 quorum
1014 3712 1242 3756 unum
1315 3690 1455 3757 hoc
1527 3690 1686 3757 loco
1760 3690 2084 3757 laudem:
2159 3691 2368 3758 Isaac
2420 3689 2863 3758 Monachum
2920 3694 2990 3754 5:

629 3801 936 3885 Δεύτερος
981 3790 1014 3864 ὁ
1063 3800 1426 3877 σπονδεῖος,
1474 3797 1545 3863 ἐκ
1591 3794 1705 3863 δύο
1750 3801 2015 3883 μακρῶν
2052 3797 2483 3882 συγκειμένος·
2538 3792 2989 3882 παρωνόμασ-

633 3936 741 3974 ται
788 3908 860 3976 δὲ
907 3902 1127 3996 οὕτως,
1177 3902 1277 3976 ὅτι
1310 3909 1375 3975 ἐν
1403 3915 1551 3987 ταῖς
1582 3914 1925 3989 σπονδαῖς,
1974 3902 2008 3975 ὅ
2039 3909 2179 3975 ἐστι
2209 3910 2620 3995 διαλλαγαῖς,
2668 3903 2996 3985 τοιούτοις

630 4021 889 4106 μέτροις
949 4018 1238 4107 ἐχρῶντο.
1327 4023 1412 4091 In
1476 4021 1851 4089 Analectis
1914 4023 2439 4108 grammaticiS,
2517 4042 2701 4108 quae
2764 4021 2997 4089 edidit

633 4135 829 4217 Keil,
877 4139 943 4218 6,
993 4139 1048 4202 6.
1104 4135 1517 4221 exemplum
1578 4134 1743 4201 talis
1797 4133 2050 4219 hymni
2103 4133 2302 4201 hisce
2357 4133 2597 4200 verbis
2662 4132 2992 4201 affertur:

633 4244 991 4321 Σπονδεῖος
1057 4233 1375 4330 δ’ἒκλήθη
1440 4243 1558 4307 τοῦ
1617 4243 1877 4328 ῥυθμοῦ
1944 4233 2083 4306 ἀπὸ
2148 4243 2261 4307 τοῦ
2321 4240 2388 4305 ἐν
2460 4246 2609 4319 ταῖς
2670 4244 2999 4319 σπονδαῖς

635 4350 1079 4437 ἐπαυλομένου
1122 4378 1194 4419 τε
1235 4351 1351 4418 καὶ
1397 4350 1823 4439 ἑπᾳδομένου,
1873 4342 2037 4416 οἷον·
