3317 5117
1315 412 1740 471 „17-

343 593 582 673 dutuS,
629 595 711 657 ut
756 593 1013 659 dextra
1055 593 1366 678 pectoris
1397 612 1568 678 pars
1608 593 1809 659 nuda
1840 594 1949 676 sit,
2000 594 2254 660 dextra
2295 599 2543 662 tenens
2587 617 2712 683 pa-

341 708 595 785 teram,
644 723 790 788 qua
832 703 1027 785 libet,
1075 704 1370 770 sinistra
1412 707 1492 769 ut
1524 703 1780 771 adoret
1809 704 2016 786 elata,
2066 725 2233 771 cum
2272 707 2510 773 subito
2548 706 2713 774 Vic-

342 814 590 893 toria¹)
662 813 984 896 advolat,
1050 832 1236 899 quae
1299 834 1389 880 ex
1442 812 1701 880 hirnea
1753 815 2008 880 vinum
2062 815 2381 883 effundit.
2472 816 2708 896 Quam

342 926 704 991 actionem
739 924 879 991 hoc
910 923 1129 990 modo
1161 924 1781 1010 interpretandam
1816 944 1992 1008 esse,
2040 926 2269 992 altera
2305 927 2515 994 docet
2560 948 2709 995 am-

341 1034 570 1120 phora
644 1033 1026 1103 Grerhardi.
1134 1035 1292 1102 Iam
1357 1054 1527 1101 vero
1600 1056 1793 1101 nunc
1818 1090 1833 1117 ,
1915 1040 2299 1122 postquam
2374 1039 2707 1105 victimae

337 1150 598 1231 parteS,
648 1147 802 1214 deis
834 1146 1139 1229 oblatae,
1188 1147 1606 1213 combustae
1652 1150 1846 1228 sunt,
1897 1184 1975 1193 —
2021 1168 2253 1233 neque
2300 1148 2703 1235 quidquam

339 1257 706 1343 reliquum
752 1261 887 1340 est,
939 1257 1082 1324 nisi
1127 1276 1206 1323 os
1256 1276 1549 1323 sacrum
1593 1294 1673 1302 --
1721 1259 1928 1343 pueri
1974 1278 2017 1323 a
2064 1258 2321 1325 dextra
2363 1263 2566 1345 parte
2614 1261 2709 1326 ad

341 1387 546 1434 aram
593 1368 976 1449 accedunt,
1032 1371 1112 1433 ut
1155 1368 1456 1450 viscera,
1507 1368 1652 1434 alia
1698 1369 1773 1433 111
1819 1368 2113 1435 veribus
2169 1370 2516 1454 praeficta
2560 1374 2703 1437 tor-

344 1483 570 1560 reant,
619 1498 804 1564 quae
851 1479 1082 1564 epulis
1127 1480 1603 1545 convivarum
1635 1481 1999 1565 parentur.
2075 1478 2408 1566 Denique
2438 1481 2707 1549 tibicen

340 1590 726 1671 invenitur,
775 1590 902 1675 qui
945 1589 1302 1657 sacrificio
1349 1589 1543 1656 tibiis
1590 1608 1858 1655 canens
1894 1589 2145 1655 adesse
2188 1590 2385 1658 solet.
2422 1627 2496 1637 —
2534 1589 2705 1671 Qui-

340 1701 476 1765 bus
510 1699 901 1785 amphoriS,
950 1720 1130 1786 quas
1171 1720 1226 1767 e.
1258 1719 1325 1782 g.
1359 1698 1496 1765 hoc
1527 1700 1687 1766 loco
1720 1701 2119 1783 tractavi,‘2)
2164 1701 2378 1787 plane
2409 1722 2703 1788 respon-

341 1811 514 1876 dent
556 1809 862 1877 Homeri
907 1829 1158 1877 versus
1202 1809 1381 1891 hi:3)

645 1940 798 2000 καῖε
841 1926 1028 2001 δ’ἒπὶ
1075 1936 1297 2024 σχιζῇς
1342 1926 1377 2001 ὃ
1421 1935 1638 2021 γέρων,
1687 1934 1803 2000 ἐπὶ
1850 1928 2196 2003 ὂάἴθοπα
2245 1930 2424 2003 οἶνον

649 2048 850 2131 λεῖβε·
897 2046 1030 2111 νέοι
1078 2046 1150 2111 δὲ
1194 2037 1359 2131 παρ>
1411 2036 1608 2111 αὖτόν
1651 2043 1795 2128 ἔᾶον
1840 2042 2259 2131 πεμπώβολα
2288 2045 2520 2134 χερσίν.

509 2176 672 2243 Ηο0
716 2176 876 2243 1000
921 2197 1159 2263 pauca
1206 2177 1445 2244 dicam
1493 2178 1581 2244 de
1629 2197 1716 2244 ea
1746 2178 2110 2260 libatione,
2159 2198 2343 2264 quae
2377 2199 2542 2243 cum
2588 2199 2699 2245 sa-

337 2284 613 2354 crificio
647 2289 1035 2355 coniuncta
1077 2290 1154 2354 in
1195 2289 1438 2355 coenis
1485 2288 1867 2356 cotidianis
1907 2288 2141 2355 fiebat.
2218 2288 2387 2355 Non
2419 2310 2701 2375 semper

341 2399 716 2481 animalia,
764 2418 949 2485 quae
994 2400 1071 2465 in
1116 2400 1358 2466 coenis
1402 2398 1782 2466 hominum
1828 2400 2069 2466 occisa
2113 2404 2305 2483 sunt,
2355 2401 2702 2467 caerimo-

244 2594 249 2598 η
342 2510 483 2575 niis
527 2509 887 2594 religiosis
931 2508 1142 2576 factis
1189 2509 1567 2576 immolata
1611 2513 1939 2596 tostaque
1985 2530 2170 2593 esse,
2221 2510 2700 2593 Be1·nhardi⁴)

340 2620 729 2701 contendit,
777 2640 946 2688 cum
990 2619 1128 2687 hae
1172 2640 1534 2706 nusquam
1581 2625 2187 2689 commemoratae
2232 2623 2377 2689 sint
2418 2623 2496 2689 in
2542 2643 2699 2689 coe-

337 2732 450 2797 nis
496 2750 906 2817 procorum.
981 2730 1249 2798 Tamen
1295 2752 1461 2798 mea
1505 2732 1800 2817 quidem
1855 2734 2205 2799 sententia
2251 2731 2431 2799 haec
2477 2735 2699 2800 sacri-

334 2841 506 2909 ficia
556 2840 754 2909 facta
806 2860 962 2908 esse
1018 2842 1353 2909 omnibus
1406 2844 1853 2928 temporibus
1911 2844 2162 2926 negari
2209 2862 2355 2909 non
2407 2844 2697 2929 poterit3

334 2972 570 3039 neque
616 2952 813 3037 quod
856 2973 1004 3018 non
1050 2972 1334 3039 semper
1376 2952 1545 3019 illae
1592 2953 2073 3020 caerimoniae
2125 2973 2694 3019 commemoran-

333 3065 472 3145 tur,
517 3062 687 3129 inde
733 3063 1076 3130 concludi
1117 3067 1368 3149 potest,
1415 3082 1537 3129 eas
1585 3062 1950 3130 adhibitas
1988 3083 2135 3128 non
2175 3082 2348 3131 esse.
2402 3100 2471 3109 —
2524 3064 2692 3131 Tale

335 3173 778 3241 sacrificium
831 3174 908 3239 in
962 3194 1190 3240 coena
1242 3174 1515 3241 factum
1570 3175 1837 3259 optime
1890 3174 2257 3240 illustrant
2307 3174 2694 3242 Menandri

333 3284 577 3351 verba.
656 3283 928 3364 (Kock:
977 3282 1246 3351 Comic.
1296 3284 1486 3351 attic.
1524 3283 1784 3367 fragm.
1818 3283 1946 3349 III.
1995 3304 2062 3349 n.
2097 3288 2221 3349 292
2252 3305 2319 3372 p.
2354 3284 2494 3367 82):
2543 3282 2693 3347 Μέ-

333 3393 598 3476 νανδρος
653 3396 722 3456 ἐν
763 3386 1019 3457 Κόλακι
1065 3387 1176 3457 τὸν
1233 3395 1374 3470 τοῖς
1435 3392 1891 3477 τετραδισταῖς
1912 3393 1965 3476 5)
2022 3386 2517 3476 διακονούμενον
2556 3390 2690 3477 μά-

333 3526 543 3587 γειρον
573 3501 642 3567 ἐν
668 3504 756 3595 τῇ
784 3505 898 3590 τῆς
927 3504 1270 3590 πανδήμου
1297 3492 1695 3589 Ἀφροδίτης
1728 3497 1920 3589 ἑορτῇ
1956 3506 2142 3568 ποιεῖ
2176 3502 2367 3569 ταυτὶ
2397 3502 2691 3590 λέγοντα·

510 3728 546 3787 ¹)
582 3726 664 3778 De
687 3724 925 3779 Victoria
959 3726 1014 3779 in
1049 3725 1322 3779 sacrificiis
1357 3726 1695 3779 ministrante
1718 3726 1781 3780 cf.
1809 3725 2086 3795 Stephani:
2126 3726 2529 3797 Compte-rendu
2560 3730 2691 3784 1873

330 3829 379 3880 p.
424 3811 524 3865 182
560 3827 675 3880 sqq.

509 3897 553 3961 ²)
589 3895 667 3950 Cf.
706 3895 849 3949 Elite
885 3894 1168 3964 ceramogr.
1204 3896 1272 3949 11.
1314 3896 1426 3950 105.

503 3997 546 4065 ³)
582 3998 646 4052 11.
683 3997 747 4053 A.
784 4000 901 4052 562.
939 3999 988 4051 3.

501 4102 548 4166 ⁴)
586 4102 621 4155 l.
658 4118 702 4154 c.
738 4119 790 4171 p.
828 4102 876 4155 3.

500 4204 542 4271 5)
582 4200 674 4271 „ot
707 4200 1110 4275 τετραδίσται“
1148 4207 1299 4257 erant
1335 4203 1707 4269 adolescentem
1746 4207 1841 4276 qui
1888 4211 2076 4276 quarto
2124 4224 2329 4277 quoque
2373 4207 2568 4261 mensis
2606 4208 2690 4262 die

327 4289 726 4349 conveniebant,
762 4292 827 4341 ut
859 4289 1029 4359 epulis
1064 4290 1380 4343 fruerentur.
1451 4288 1530 4344 Cf.
1566 4290 1795 4360 Hesych.
1834 4310 1875 4345 s.
1914 4310 1961 4347 v.
1999 4294 2378 4362 τετραδίσται
2403 4307 2415 4319 ·
2447 4288 2691 4357 σύνοδος

331 4370 476 4428 νέων
515 4374 786 4429 συνῷθων
821 4368 970 4429 κατὰ
1011 4370 1262 4443 τετράδα
1300 4374 1594 4446 γινομένη.

2346 4463 2377 4514 2
