3317 5117
1543 421 1925 483 -8-

555 624 700 669 non
749 604 1019 687 dubito,
1067 607 1240 691 quin
1289 606 1528 672 oleum
1573 604 1883 671 effusum
1912 604 2096 671 nihil
2142 603 2343 671 aliud
2370 599 2921 687 intelligendum

475 791 480 795 ¹
554 716 665 797 sit,
729 736 816 785 ac
877 718 1196 802 primum
1254 716 1621 783 libationis
1684 715 2089 799 vestigium.
2199 712 2412 794 Quod
2472 714 2621 780 iam
2682 713 2919 797 magis

549 832 887 899 firmatur
918 828 1274 895 Athenaei
1311 827 1471 894 loco
1519 825 1673 909 (IX.
1722 827 1850 909 56),
1898 846 2041 912 quo
2088 825 2264 892 dicit
2294 824 2383 892 de
2413 824 2623 891 lance
2668 827 2919 891 satura

550 938 825 1026 (κέρνος)
859 939 1104 1007 Cereri
1135 939 1406 1005 oblata:
1456 925 1711 1021 ἀγγεῖον
1748 935 2067 1019 κεραμοῦν
2112 930 2253 1014 ἔχον
2294 932 2361 998 έν
2407 923 2587 1018 αὑτῷ
2630 928 2917 1010 πολλοὺς

551 1048 974 1127 κοτυλίσκους
1025 1045 1550 1133 κεκολλημένους,
1605 1044 1673 1111 ἐν
1716 1035 1817 1123 οἷς
1860 1041 1990 1111 εἶσι
2034 1040 2346 1131 μήκωνες,
2405 1042 2645 1125 λευκοὶ,
2692 1043 2913 1129 πυροὶ,

549 1158 816 1246 κριθαὶ,
872 1158 1096 1238 πισοὶ,
1160 1153 1471 1243 λάθυροι,
1528 1144 1752 1242 ὦχροι,
1799 1154 2034 1245 φακοὶ,
2081 1150 2350 1238 κύαμοι,
2406 1154 2604 1235 ζειαὶ,
2650 1150 2913 1241 βρόμος,

549 1266 928 1352 παλάθιον,
974 1268 1211 1353 μέλι,
1259 1266 1603 1349 ἔλαιον,
1652 1260 1928 1348 οἶνος,
1974 1261 2232 1353 γάλα,
2288 1258 2429 1332 ’όϊον
2470 1263 2644 1352 ἔριον
2692 1259 2913 1332 ὁίπλυ-

545 1407 676 1447 τον.
751 1383 912 1451 Hoc
957 1384 1117 1450 loco
1164 1382 1544 1468 compositi
1588 1383 1758 1447 sunt
1799 1381 1909 1447 illi
1937 1380 2273 1467 liquoreS‚
2320 1380 2585 1467 quibus
2626 1376 2914 1443 σπονδαὶ

545 1489 923 1575 μελίκρατοι
979 1494 1398 1579 saepissime
1445 1493 1931 1572 continentum
1984 1512 2217 1577 neque
2273 1492 2593 1558 obtinere
2640 1490 2911 1574 dubito,

544 1605 685 1674 hoc
715 1607 792 1672 in
823 1606 1040 1686 cultu,
1075 1605 1260 1670 sicut
1290 1602 1689 1687 Phigaliae,
1721 1602 2038 1688 liquores
2079 1602 2342 1668 effusos
2375 1621 2530 1669 esse
2560 1602 2639 1667 in
2666 1600 2913 1686 fruges

548 1716 840 1784 solidas
1253 1714 1584 1799 Denique
1640 1712 1913 1779 addam
1957 1712 2231 1779 Laertii
2274 1711 2623 1797 Diogenis
2668 1711 2912 1779 locum

541 1826 766 1908 (VIII.
817 1827 941 1909 13),
988 1846 1206 1912 quem
1234 1824 1378 1892 huc
1424 1826 1749 1910 spectare
1795 1823 2132 1909 equidem
2177 1822 2413 1906 cred0‚
2460 1842 2911 1909 quamquam

540 1936 925 2004 libationes
971 1938 1432 2003 enumeratae
1476 1954 1624 2000 non
1670 1937 1863 1999 sunt:
1926 1920 2150 2013 ἀμέλει
2195 1929 2313 1995 καὶ
2362 1926 2585 2014 βωμὸν
2628 1954 2913 2016 προσκυ-

542 2048 738 2132 νῆσαι
784 2038 1224 2129 (Πυθαγόραν
1278 2042 1506 2131 φασὶν)
1552 2037 1749 2124 μόνον
1798 2034 1872 2108 ’ἐν
1918 2037 2113 2128 Δήλῳ
2166 2038 2278 2107 τὸν
2317 2032 2739 2119 Ἀπόλλωνος
2790 2044 2908 2108 τοῦ

543 2154 895 2242 γενέτορος,
953 2147 1022 2233 ὅς
1066 2151 1243 2221 ἐστιν
1286 2145 1576 2220 ὄπισθεν
1616 2155 1734 2218 τοῦ
1778 2150 2162 2239 Κερατίνου,
2217 2148 2332 2218 διὰ
2377 2148 2451 2218 τὸ
2498 2149 2749 2235 πυροὺς
2790 2151 2908 2217 καὶ

541 2263 790 2352 κριθὰς
817 2264 934 2331 καὶ
962 2260 1241 2331 πόπανα
1272 2259 1444 2347 μόνα
1474 2260 1803 2331 τίθεσθαι
1833 2253 1948 2327 ἐπ’
1985 2254 2187 2328 αὗτοῢ
2224 2254 2372 2329 ἷίνευ
2402 2259 2626 2348 πυρὸς,
2676 2260 2905 2347 ἱερεῖον

537 2379 614 2443 δὲ
657 2376 876 2465 μηδέν,
922 2368 1010 2455 ιῧς
1053 2399 1220 2464 φησι
1261 2365 1723 2462 Ἀριστοτέλης
1765 2372 1831 2439 ἐν
1863 2370 2123 2459 Δηλίων
2165 2370 2496 2461 πολιτείᾳ.
2572 2377 2696 2444 Ad
2736 2397 2906 2444 ean—

542 2492 714 2559 dem
755 2490 1119 2576 Apollinis
1163 2490 1357 2556 Delii
1416 2489 1846 2574 religionem
1886 2487 2276 2555 Iamblichi
2339 2488 2482 2554 duo
2538 2488 2679 2556 loci
2723 2488 2906 2555 refe-

535 2601 748 2669 rendi
810 2603 978 2667 sunt
1040 2601 1156 2681 (de
1219 2600 1368 2666 vita
1428 2598 1735 2685 Pythag.
1783 2619 1849 2685 p.
1898 2598 2013 2681 25)
2038 2597 2118 2682 1),
2184 2600 2311 2684 qui
2370 2599 2614 2667 verbis
2675 2600 2902 2665 utitur

535 2710 762 2780 hisce:
817 2704 928 2774 τὸν
973 2699 1380 2793 ἀναίμακτον
1423 2701 1758 2793 λεγόμενον
1799 2703 1912 2772 τὸν
1953 2714 2069 2771 τοῦ
2122 2705 2445 2792 γενέτορος
2486 2697 2906 2783 Ἀπόλλωνος

528 2815 759 2904 βωμὸν
820 2825 890 2889 et
953 2822 1044 2908 (p.
1101 2823 1209 2903 35)
1277 2814 1391 2883 τὸν
1451 2813 1674 2901 βωμὸν
1730 2813 1844 2883 τὸν
1906 2818 2023 2882 τοῦ
2093 2816 2417 2904 γενέτορος
2484 2808 2908 2895 Ἀπόλλωνος

529 2925 1072 3017 προσευξάμενος,
1119 2921 1190 3009 ὃς
1231 2924 1426 3012 μόνος
1471 2918 1875 3011 ἀναίμακτός
1918 2925 2113 2997 ἐστιν.

704 3044 867 3111 Iam
929 3064 1099 3111 vero
1161 3042 1562 3110 multorum
1629 3042 1932 3109 deorum
1995 3061 2231 3123 sacra,
2300 3062 2487 3127 quae
2547 3046 2904 3109 vocantur

531 3144 782 3238 ἄπυρα,
839 3175 928 3222 ex
974 3156 1310 3241 primitiis
1348 3153 1646 3239 frugum
1679 3172 1848 3220 cum
1891 3152 2237 3219 libatione
2283 3154 2685 3220 coniunctis
2732 3173 2903 3220 con-

532 3267 801 3333 stitisse
840 3285 1073 3351 neque
1106 3264 1195 3331 de
1227 3264 1486 3332 Cerere
1517 3263 1677 3330 sola
1708 3262 2179 3347 cogitandum
2219 3282 2394 3347 esse,
2440 3267 2632 3330 recte
2679 3265 2905 3331 sensit

535 3375 1056 3458 Schemannfl)
1121 3396 1288 3442 cum
1349 3375 1558 3458 dicit,
1621 3374 1919 3459 frugum
1980 3374 2338 3460 primitias
2403 3374 2682 3441 oblatas
2746 3394 2901 3441 esse

534 3486 806 3569 Cereri,
851 3485 1163 3569 BacchO,
1209 3484 1528 3567 Herculi,
1579 3486 1881 3552 deorum
1926 3486 2161 3567 matri,
2208 3484 2552 3570 Apollini,
2596 3484 2899 3567 Dianae,

538 3595 934 3664 Minervae.
991 3634 1055 3642 —
1108 3596 1438 3682 Denique
1482 3595 1847 3682 proferam
1892 3596 2247 3662 nonnulla
2282 3599 2662 3682 poetarum
2706 3596 2900 3681 frag-

535 3710 810 3787 menta,
876 3727 1061 3794 quae
1126 3706 1221 3773 ad
1273 3706 1413 3774 hoc
1459 3706 1799 3773 sacrificii
1851 3725 2081 3791 genus
2137 3710 2481 3793 spectant.
2569 3706 2900 3774 Primum

535 3818 881 3904 inspicias
917 3816 1296 3904 Sophoclis
1339 3816 1602 3900 locum,
1618 3817 1667 3887 3)
1716 3817 1843 3902 qui
1886 3818 2153 3883 summi
2195 3818 2543 3884 momenti
2588 3836 2744 3885 esse
2790 3820 2895 3884 vi-

717 4099 754 4165 1)
792 4098 871 4153 Cf.
908 4096 1026 4152 Val.
1065 4100 1228 4153 Rose:
1265 4098 1484 4153 Aristot.
1523 4099 1711 4166 fragm.
1748 4100 1908 4169 (Lips.
1950 4099 2105 4163 1886)
2141 4100 2202 4151 fr.
2238 4098 2355 4153 489.
2394 4116 2445 4169 p.
2482 4099 2606 4153 311.

713 4202 756 4267 2)
801 4200 836 4255 1.
883 4219 927 4255 c.
975 4199 1041 4255 ΙΙ.
1089 4220 1138 4273 p.
1187 4202 1304 4257 217.
1378 4202 1454 4257 Cf.
1511 4199 1754 4271 Stengelt
1807 4202 1906 4255 Die
1962 4202 2325 4271 griechischen
2378 4202 2895 4256 Sakralaltertiimer.

537 4284 809 4341 Miinchen
847 4288 995 4343 1890.
1033 4306 1084 4359 p.
1123 4290 1204 4343 70.
1244 4290 1324 4343 71.

712 4389 756 4455 3)
792 4407 875 4460 ap.
911 4390 1122 4445 Nauck:
1162 4392 1348 4460 fragm.
1388 4394 1523 4459 trag.
1559 4390 1758 4459 graec.2
1793 4390 1855 4442 fr.
1894 4390 2008 4444 366.
2047 4407 2097 4459 p.
2136 4390 2252 4444 218.
